2424 4388
130 397 179 474 ‘22
448 407 477 456 c.
501 404 597 449 cons.
621 401 757 446 rastros

133 546 298 626 captivum,
331 565 454 626 quoquo
489 543 580 604 modo
615 543 827 623 interceptum,
864 546 939 605 curri
973 542 1073 606 electo

133 645 328 729 popularium
350 663 485 716 suorum,
501 643 605 722 patriis
627 663 782 724 quemque
804 643 908 716 armis,
932 644 1073 706 commit·

135 759 223 809 tunt:
256 746 382 807 victoria
417 742 508 826 hujus
537 743 585 804 vel
614 743 696 805 illius
725 764 779 823 pro
805 743 994 826 praejudicio
1023 765 1073 806 ac·

91 876 95 883 ·
136 850 254 928 cipitur.

178 947 238 1010 ΧΙ.
261 947 310 1010 De
332 946 500 1009 minoribus
522 945 615 1006 rebus
640 943 794 1025 principes
816 943 1010 1018 consultant;
1033 944 1073 1006 de

136 1048 302 1131 majoribus
325 1066 454 1108 omnes:
478 1048 520 1107 ita
541 1058 654 1118 tamen,
677 1054 712 1106 ut
734 1065 770 1106 ea
792 1064 926 1125 quoque,
942 1065 1074 1126 quorum

136 1169 232 1232 penes
254 1148 376 1228 plebem
398 1146 556 1208 arbitrium
578 1157 634 1218 est,
658 1144 739 1223 apud
760 1143 913 1224 principes
941 1157 1074 1224 pertrac-

136 1261 247 1312 tentur.
302 1246 434 1320 Coeunt,
471 1245 530 1307 nisi
566 1244 640 1326 quid
676 1244 834 1306 fortuitum
870 1256 901 1305 et
936 1245 1074 1306 subitum

137 1348 286 1419 inciderit,
310 1348 401 1409 certis
423 1345 543 1418 diebus,
567 1365 639 1406 cum
660 1356 713 1406 aut
741 1343 900 1406 inchoatur
927 1343 1000 1405 luna
1022 1356 1075 1406 aut

138 1449 299 1528 impletur:
330 1468 401 1508 nam
423 1445 549 1528 agendis
582 1444 675 1506 rebus
701 1443 759 1506 hoc
792 1444 1075 1523 auspicatissimum

138 1549 258 1610 initium
282 1546 418 1608 credunt.
462 1543 532 1607 Nec
553 1545 672 1608 dierum
694 1564 866 1618 numerum,
881 1555 916 1604 ut
937 1564 1003 1618 nos,
1020 1543 1076 1604 sod

138 1649 274 1709 noctium
296 1655 483 1724 computant.
529 1647 582 1706 Sic
605 1645 801 1718 constituunt,
822 1644 867 1706 sic
889 1643 1074 1705 condicunt:

139 1766 199 1806 nox
220 1745 332 1806 ducere
355 1745 436 1806 diem
460 1745 588 1807 videtur.
632 1744 713 1806 Illud
736 1765 774 1806 ex
795 1744 933 1805 libertate
955 1744 1075 1818 vitium,

140 1844 222 1927 quod
245 1865 302 1906 non
327 1844 428 1918 simul,
444 1865 502 1906 nec
524 1859 558 1906 ut
576 1845 655 1927 jussi
678 1846 870 1918 conveniunt,
887 1843 942 1904 sed
956 1854 988 1904 et
1002 1843 1078 1905 alter

140 1957 171 2007 et
186 1947 291 2007 tertius
306 1945 372 2006 dies
394 1947 585 2006 cunctatione
609 1946 787 2006 coeuntium
810 1944 990 2005 absumitur.
1035 1941 1078 2006 Ut

140 2045 246 2106 turbae
261 2045 384 2124 placuit,
401 2044 562 2106 considunt
577 2045 693 2106 armati.
730 2043 893 2106 Silentium
906 2064 962 2122 per
976 2064 1077 2105 sacer·

141 2144 237 2218 dotes,
264 2144 376 2226 quibus
405 2156 471 2206 tum
499 2157 530 2204 et
558 2143 717 2205 coercendi
743 2144 794 2226 jus
821 2155 877 2217 est,
901 2143 1078 2226 imperatur.

142 2244 217 2306 Mox
245 2265 298 2306 rex
325 2243 374 2304 vel
411 2244 563 2328 princeps,
592 2255 682 2321 prout
717 2226 807 2305 aetas*
838 2244 959 2324 cuique,
989 2257 1080 2323 prout

141 2344 291 2416 nobilitas,
321 2356 410 2425 prout
435 2343 530 2405 decus
559 2344 719 2418 bellorum,
742 2356 831 2424 prout
858 2343 998 2405 facundia
1021 2356 1094 2419 est„

142 2444 314 2518 audiuntur,
339 2444 515 2504 auctoritate
538 2442 685 2505 suadendi
708 2444 817 2525 magis,
839 2464 931 2524 quam
951 2443 1079 2525 jubendi

141 2555 300 2624 potestate.
360 2542 393 2605 Si
430 2543 586 2622 displicuit
622 2544 780 2616 sententia,
818 2542 939 2604 fremitu
976 2563 1079 2622 asper·

141 2657 273 2719 nantur;
312 2645 358 2705 sin
387 2643 511 2725 placuit,
540 2641 671 2703 frameas
708 2643 895 2703 concutiunt.
940 2640 1079 2703 Honora-

142 2744 296 2804 tissimum
311 2764 459 2804 assensus
481 2763 579 2824 genus
595 2753 651 2815 est,
668 2742 759 2802 armis
775 2741 908 2802 laudare.

185 2841 261 2906 Xll.
292 2841 381 2902 Licet
416 2841 496 2920 apud
526 2842 690 2902 concilium
723 2861 867 2904 accusare
897 2862 1019 2922 quoque
1050 2854 1080 2903 et

143 2941 308 3002 discrimen
330 2941 437 3018 capitis
460 2940 625 3002 intendere.
669 2939 833 3002 Distinctio
855 2957 1023 3023 poenarum
1042 2961 1079 3002 ex

144 3039 277 3100 delicto:
308 3038 475 3118 proditores
504 3053 534 3101 et
562 3039 735 3122 transfugas
764 3040 921 3101 arboribus
951 3060 1081 3123 suspen-

145 3139 238 3213 dunt;
263 3139 389 3220 ignavos
414 3150 445 3199 et
466 3139 606 3200 imbelles
632 3151 663 3204 et
685 3160 810 3219 corpore
833 3138 962 3200 infames
984 3161 1081 3201 coeno

145 3258 181 3298 ac
195 3236 317 3319 palude,
333 3238 443 3320 injecta
464 3239 588 3317 insuper
609 3252 701 3313 crate,
714 3249 865 3320 mergunt.
910 3236 1081 3301 Diversitas

145 3337 287 3416 supplicii
329 3338 402 3399 illuc
443 3340 577 3419 respicit,
618 3351 762 3420 tanquam
805 3337 921 3400 scelera
963 3339 1082 3402 ostendi

146 3447 289 3514 oporteat,
326 3437 400 3499 dum
435 3439 611 3517 puniuntur,
649 3436 765 3519 flagitia
804 3437 960 3499 abscondi.
1018 3437 1082 3500 Sed

145 3546 177 3596 et
197 3533 362 3595 levioribus
383 3535 512 3610 delictis,
536 3556 590 3618 pro
612 3535 703 3597 modo
730 3555 909 3618 poenarum,
933 3555 1082 3616 equorum

145 3653 352 3715 pecorumque
402 3654 528 3697 numero
579 3635 710 3698 con'victi
752 3634 961 3696 mulctantur:
1011 3656 1083 3715 pars

146 3732 278 3796 mulctae
306 3735 369 3816 regi
399 3733 448 3795 vel
478 3734 600 3808 civitati,
629 3755 699 3813 pars
730 3735 797 3812 ipsi,
827 3735 879 3816 qui
905 3733 1085 3810 vindicatur,
