2424 4388
480 413 521 456 ns
545 415 723 459 anaxarus.
1031 408 1072 466 ω

134 557 216 640 ignis
230 556 411 632 remedium,
424 556 489 618 sive
505 559 625 619 inscitia
639 556 829 628 aedificandi.
866 555 916 620 Ne
930 577 1072 622 caemeuz

133 670 236 720 torum
250 657 377 740 quidem
391 655 473 736 apud
487 657 556 720 illos
571 670 623 720 aut
638 658 811 742 tegularum
824 679 922 723 usus:
946 660 1072 723 materia

134 758 173 820 ad
196 758 299 820 omnia
322 769 447 819 utuntur
468 756 590 820 informi
605 771 636 820 et
649 760 724 821 citra
746 760 882 842 speciem
903 771 956 822 aut
970 759 1071 822 delec-

134 859 291 922 tationem.
335 857 497 930 Quaedam
519 857 588 919 loca
602 858 778 941 diligentius
800 860 920 923 illinunt
937 873 1016 922 terra
1030 861 1072 922 ita

132 980 212 1039 pura
226 980 263 1020 ac
278 957 465 1038 splendente,
479 969 513 1019 ut
524 959 673 1038 picturam
688 980 724 1021 ac
739 959 922 1022 lineamenta
935 959 1072 1022 colorum

135 1059 281 1120 imitetur.
326 1056 433 1119 Solent
447 1069 478 1118 et
493 1057 706 1119 subterraneos
728 1080 840 1138 specus
862 1059 988 1139 aperire,
1004 1080 1071 1120 eos-

135 1179 197 1240 que
231 1158 327 1220 multo
360 1158 485 1240 insuper
514 1157 587 1219 fimo
615 1170 749 1231 onerant,
780 1158 950 1241 suffugium
978 1158 1071 1221 hiemi

136 1271 168 1321 et
195 1256 423 1338 receptaculum
451 1256 617 1340 frugibus:
655 1259 727 1341 quia
761 1259 894 1341 rigorem
926 1257 1073 1341 frigorum

136 1358 288 1442 ejusmodi
309 1357 385 1420 locis
400 1357 559 1422 molliunt:
584 1370 624 1433 et,
640 1358 802 1441 siquando
824 1358 919 1422 hostis
941 1358 1071 1433 advenit,

135 1469 242 1542 aperta
262 1457 432 1538 populatur,
455 1457 558 1520 abdita
585 1470 689 1520 autem
711 1470 741 1519 et
763 1457 886 1520 defossa
913 1471 966 1520 aut
989 1458 1073 1540 iguo·

135 1571 249 1634 rantur,
265 1569 318 1620 aut
332 1579 371 1619 eo
384 1559 451 1638 ipso
466 1556 583 1633 fallunt,
599 1558 681 1639 quod
696 1559 869 1640 quaerenda
884 1571 965 1621 sunt.

179 1657 285 1720 XVII.
309 1657 474 1741 Tegumen
502 1659 644 1721 omnibus
674 1680 793 1741 sagum,
822 1659 925 1734 fibula,
955 1670 1018 1732 aut,
1046 1658 1072 1721 si

137 1760 226 1833 desit,
243 1759 330 1839 spina
351 1770 544 1820 consertum:
569 1771 670 1820 cetera
691 1760 795 1821 intecti
810 1772 888 1824 totos
902 1759 969 1822 dies
987 1759 1073 1842 juxta

135 1861 241 1922 focum
256 1871 347 1940 atque
370 1860 474 1941 ignem
495 1871 599 1940 agunt.
645 1857 893 1940 Locupletissimi
908 1873 994 1922 veste
1011 1858 1073 1921 dis·

138 1963 327 2043 tinguuntur,
348 1980 408 2020 non
436 1958 584 2031 fluitante,
607 1960 686 2021 sicut
709 1959 866 2022 Sarmatae
891 1981 928 2022 ac
957 1958 1072 2035 Parthi,

139 2061 194 2123 sed
220 2061 324 2123 stricta
346 2070 376 2121 et
398 2059 534 2141 singulos
557 2072 639 2122 artus
662 2062 858 2140 exprimente.
903 2059 1023 2123 Gerunt
1044 2072 1075 2122 et

138 2162 271 2224 ferarum
293 2159 400 2243 pelles,
425 2160 555 2239 proximi
584 2161 667 2242 ripae
693 2161 890 2243 negligenter,
915 2160 1074 2223 ulteriores

139 2261 331 2343 exquisitius,
354 2271 389 2321 ut
410 2260 521 2340 quibus
550 2259 653 2321 nullus
680 2281 735 2339 per
756 2260 940 2322 commercia
961 2259 1074 2321 cultus,

139 2360 270 2444 Eligunt
283 2359 374 2434 feras,
398 2372 428 2421 et
449 2359 584 2421 detracta
600 2359 752 2426 velamina
774 2371 921 2443 spargunt
945 2358 1075 2423 maculis

138 2461 332 2542 pellibusque
354 2458 535 2534 belluarum,
558 2480 634 2541 quas
665 2460 793 2522 exterior
816 2458 961 2522 Oceanus
984 2470 1075 2539 atque

139 2563 278 2643 ignotum
299 2580 382 2620 mare
404 2559 510 2641 gignit.
555 2557 624 2620 Nec
646 2559 724 2621 alius
746 2559 869 2620 feminis
889 2578 982 2640 quam
1003 2557 1076 2619 viris

139 2659 272 2734 habitus,
295 2660 353 2721 nisi
382 2659 462 2740 quod
484 2659 616 2721 feminae
645 2659 767 2736 saepius
795 2657 885 2718 lineis
913 2654 1076 2718 amictibus

140 2760 288 2834 velantur,
308 2781 423 2841 cosque
444 2780 577 2842 purpura
599 2759 725 2832 variant,
747 2770 926 2839 partemque
948 2755 1076 2818 vestitus

142 2857 306 2939 superioris
321 2861 352 2920 in
366 2861 503 2920 manicas
519 2880 577 2919 non
599 2856 774 2932 extendunt,
789 2856 888 2920 nudae
904 2855 1028 2918 brachia
1041 2877 1078 2919 ac

131 2961 292 3021 lacertos:
316 2957 370 3020 sed
385 2971 416 3020 et
429 2959 566 3038 proxima
579 2979 649 3037 pars
664 2958 795 3037 pectoris
810 2969 904 3037 patet.

186 3055 308 3120 XVIII.
339 3057 525 3139 Quanquam
555 3078 661 3119 severa
689 3057 752 3119 illic
780 3058 992 3135 matrimonia3
1021 3079 1080 3120 nec

143 3160 237 3221 ullam
260 3179 379 3220 morum
407 3170 525 3237 partem
555 3158 654 3239 magis
680 3156 870 3220 laudaveris:
894 3179 964 3220 nam
987 3178 1080 3238 prope
1114 3236 1118 3241 ι

144 3259 201 3320 soli
222 3258 418 3319 barbarorum
449 3256 577 3337 singulis
604 3256 749 3318 uxoribus
771 3258 904 3319 contenti
927 3269 1006 3331 sunt,
1030 3277 1081 3317 ex·

126 3360 241 3437 copiis
278 3356 444 3419 admodum
478 3357 596 3435 paucis,
625 3357 676 3436 qui
705 3377 764 3416 non
794 3355 928 3431 libidine,
960 3355 1013 3417 sed
1043 3357 1082 3417 ob

144 3457 343 3528 nobilitatem,
362 3455 502 3537 plurimis
524 3455 637 3534 nuptiis
660 3452 843 3516 ambiuntur.
888 3452 1001 3516 Dotem
1023 3476 1082 3515 non

145 3579 222 3618 uxor
257 3557 374 3629 marito,
405 3553 459 3615 sed
495 3556 580 3615 uxori
611 3554 742 3615 ¹maritus
780 3554 877 3616 offert.
929 3554 1084 3615 intersunt

145 3668 287 3740 parentes
315 3667 344 3715 et
373 3654 542 3735 propinqui,
566 3674 602 3715 ac
631 3673 757 3714 munera
782 3654 928 3733 probant:
958 3669 1085 3712 munera

147 3775 209 3816 uon
231 3754 269 3815 ad
290 3753 416 3814 delicias
438 3752 605 3814 muliebres
626 3753 774 3833 quaesita,
797 3772 854 3812 nec
875 3750 986 3830 quibus
1008 3766 1086 3810 nova

445 3845 461 3896 8
