2424 4388
142 392 184 449 56
466 407 495 446 c.
520 404 617 446 corn.
641 404 750 448 rsctrr

139 574 305 635 servosque
334 552 476 634 publicae
498 553 560 614 rei:
590 573 650 613 non
680 551 791 614 studiis
818 553 944 632 privatis
966 573 1026 616 nec
1048 573 1090 615 ex

139 653 402 716 commendatione
439 664 492 715 aut
526 653 670 732 precibus
714 654 928 716 centurionum
972 655 1088 718 milites

139 758 247 832 ascire,
272 756 326 818 sed
356 758 505 838 optimum
528 777 684 838 quemque
708 755 924 818 fidelissimum
953 770 1085 837 putere:

140 857 241 918 omnia
273 858 453 931 scire,‚non
486 857 588 917 omnia
617 857 769 938 exsequi:
807 857 907 940 parvis
948 859 1087 941 peccatis

139 958 269 1032 veniam,
293 958 413 1040 magnis
436 958 630 1019 severitatem
657 957 874 1019 commodare:
906 978 964 1020 nec
986 980 1088 1038 poena

140 1079 271 1138 semper,
310 1058 364 1120 sed
402 1060 525 1138 saepius
565 1058 751 1137 poenitentia
787 1071 949 1121 contentus
987 1081 1084 1121 esse:

139 1158 249 1222 officiis
278 1173 309 1223 et
338 1159 649 1222 administrationibus
682 1161 786 1238 potius
813 1181 874 1221 non
902 1173 1085 1239 peccaturos

138 1282 335 1345 praeponere,
362 1283 453 1344 quam
484 1261 638 1335 damnare,
669 1282 741 1322 cum
770 1275 963 1340 peccassent.
1007 1259 1085 1324 Fru-

138 1365 232 1427 menti
256 1377 287 1426 et
310 1363 491 1425 tributorum
513 1363 687 1424 auctionem
710 1362 892 1444 aequalitate
920 1384 1085 1425 munerum

138 1464 267 1539 mollire,
290 1464 492 1536 circumcisis,
516 1484 606 1544 quae,
630 1463 661 1525 in
684 1475 847 1544 quaestum
870 1476 999 1543 reperta,
1017 1464 1085 1544 ipso

137 1566 250 1628 tributo
272 1565 396 1648 gravius
425 1563 649 1626 tolerabantur:
677 1585 810 1645 namque
832 1585 888 1644 per
916 1564 1085 1628 ludibrium

138 1666 273 1728 assidere
296 1666 410 1728 clausis
434 1665 550 1727 horreis
573 1678 603 1726 et
632 1687 735 1727 emere
757 1665 837 1727 ultro
859 1666 1024 1741 frumenta,
1046 1689 1084 1730 ac

138 1766 270 1829 vendere
292 1768 389 1846 pretio
412 1768 620 1850 cogebantur:
644 1767 779 1830 devortia
801 1768 945 1831 itinerum
968 1781 999 1830 et
1019 1769 1084 1832 lon-

138 1868 293 1951 ginquitas
307 1868 468 1950 regionum
484 1868 684 1941 indicebatur,
701 1882 735 1930 ut
750 1870 889 1931 civitates
904 1891 922 1930 a
937 1872 1083 1950 proximis

137 1967 273 2030 hibernis
303 1968 334 2030 in
369 1981 485 2030 remota
515 1982 545 2031 et
574 1970 641 2031 aria
677 1969 833 2045 referrent,
863 1970 972 2045 donec,
1000 1969 1083 2053 quod

138 2069 281 2132 omnibus
304 2069 334 2131 in
357 2081 499 2150 promptu
521 2082 595 2145 erat,
618 2071 726 2150 paucis
749 2070 905 2133 lucrosum
928 2071 1027 2135 fieret.

180 2168 256 2233 XX.
279 2170 370 2233 Haec
391 2172 489 2251 primo
513 2173 614 2234 statim
638 2193 717 2234 anno
740 2173 977 2252 comprimendo,
995 2195 1082 2257 egre·

138 2272 220 2356 giam
244 2270 360 2335 famam
384 2273 455 2356 paci
478 2272 698 2349 circumdedit;
722 2295 800 2355 quae
823 2273 871 2335 rel
895 2275 1011 2337 incuria
1033 2276 1084 2339 vel

139 2373 327 2436 intolerantia
348 2374 482 2452 priorum
504 2372 584 2435 haud
611 2375 714 2435 minus
737 2396 829 2456 quam
852 2374 968 2437 bellum
994 2377 1083 2439 time·

137 2473 237 2537 batur.
282 2469 356 2550 Sed,
380 2474 434 2536 ubi
463 2486 564 2536 aestas
593 2474 724 2550 advenit,
749 2487 904 2538 contracto
933 2478 1081 2552 exercitu,

138 2575 253 2639 multus
277 2577 306 2638 in
329 2576 451 2658 agmine
473 2575 598 2637 laudare
620 2575 814 2651 modestiam,
829 2576 974 2660 disjectos
997 2599 1083 2641 coer·

137 2698 229 2739 cere:
254 2677 321 2740 loca
336 2677 444 2739 castris
460 2677 526 2756 ipse
542 2698 661 2756 capere,
678 2677 831 2740 aestuaria
846 2699 882 2741 ac
898 2677 991 2741 silvas
1015 2680 1083 2761 ipse

136 2791 352 2862 praetentare3
385 2790 416 2841 et
444 2777 519 2840 nihil
548 2768 667 2840 interim
698 2778 780 2858 apud
809 2778 913 2841 hostes
941 2781 1083 2862 quietum

136 2879 209 2958 pati,
225 2879 404 2960 quominus
420 2878 530 2940 subitis
545 2879 726 2940 excursibus
741 2879 953 2959 popularetur:
977 2893 1081 2964 atque,

136 2978 189 3039 ubi
213 2978 286 3038 satis
309 2990 464 3053 termerat,
480 2979 633 3058 parcendo
656 3001 762 3041 rursus
786 2981 973 3043 irritamenta
994 2984 1082 3062 pacis

137 3090 298 3140 ostentare.
343 3076 466 3149 Quibus
493 3079 586 3140 rebus
617 3080 731 3141 multae
761 3081 910 3155 civitates,
940 3101 1020 3163 quae
1050 3083 1082 3144 in

137 3178 223 3241 illum
249 3176 332 3238 diem
358 3198 517 3260 exaequo
543 3193 678 3262 egerant,
701 3180 780 3243 datis
807 3182 977 3257 obsidibus,
1005 3183 1082 3247 iram

134 3299 277 3360 posuere,
305 3290 334 3339 et
359 3279 519 3358 praesidiis
542 3280 739 3363 castellisque
765 3279 971 3345 circumdatae
999 3295 1082 3347 tanta

134 3381 250 3442 ratione
276 3401 422 3461 curaque,
438 3393 473 3442 ut
499 3381 582 3443 nulla
608 3394 677 3443 aute
704 3380 879 3445 Britanniae
905 3404 984 3445 nova
1010 3405 1082 3464 pars

135 3480 300 3543 illacessita
322 3482 484 3542 transierit.

177 3580 269 3644 XXI.
303 3581 445 3665 Sequens
480 3583 579 3644 hiems
613 3584 822 3648 saluberrimis
858 3585 994 3649 consiliis
1029 3587 1081 3650 ab·

135 3697 274 3765 sumpta:
299 3704 442 3767 namque,
459 3697 493 3745 nt
508 3683 647 3746 homines
660 3686 791 3766 dispersi
807 3708 844 3750 ac
859 3687 963 3762 rudes,
980 3709 1081 3771 eoque

134 3785 165 3847 in
188 3786 269 3850 bello
291 3785 409 3861 faciles,
431 3785 527 3870 quieti
549 3798 580 3849 et
602 3787 663 3849 otio
688 3809 745 3868 per
758 3788 930 3870 voluptates
954 3810 1081 3852 assues·
