2424 4388
133 424 179 486 40
454 439 484 491 c,
497 438 605 487 :coare
628 436 763 482 ’ωσι-’ωε

134 607 172 651 ac
194 586 251 650 soli
272 586 410 650 omnium
432 587 603 662 succinum,
626 584 709 669 quod
731 587 789 666 ipsi
811 585 940 669 glesum·
954 598 1076 663 vocant,

134 689 213 752 inter
234 686 312 750 vada
339 699 430 769 atque
456 687 577 770 inipso
604 686 703 750 littore
731 686 848 769 legunt.
892 685 972 763 Nec,
996 709 1076 771 quae

134 799 251 863 natura,
279 810 396 871 quaeve
422 789 498 850 ratio
526 790 640 871 gignat,
666 801 701 850 ut
728 788 874 864 barbaris,
900 791 1077 872 quaesitum

136 901 376 969 compertumve.
430 887 494 951 Diu
521 889 596 970 quin
632 889 724 961 etiam
752 889 830 953 inter
858 901 960 956 cetera
995 890 1077 974 ejec-

136 1000 270 1053 tamenta
298 991 391 1052 maris
428 989 559 1072 jacebat,
587 989 686 1051 donec
716 989 835 1052 luxuria
862 1003 965 1052 nostra
992 991 1078 1056 dedit

137 1109 270 1151 nomen:
305 1090 380 1173 ipsis
410 1090 441 1152 in
468 1089 553 1152 nullo
580 1110 663 1151 usu:
693 1089 767 1152 rude
796 1090 917 1173 legitur,
948 1090 1077 1154 informe

136 1189 295 1271 perfertur,
324 1191 518 1272 pretiumque
546 1190 691 1252 mirantes
720 1191 884 1270 accipiunt.
937 1190 1077 1254 Succum

137 1303 240 1354 tamen
261 1291 404 1354 arborum
428 1312 498 1353 esse
522 1290 684 1373 intelligas,
700 1291 772 1372 quia
793 1301 911 1353 terrena
926 1291 1078 1374 quaedam

137 1404 229 1475 atque
255 1393 348 1455 etiam
361 1393 497 1455 volucria
518 1391 661 1454 animalia
681 1391 863 1475 plerumque
885 1393 1077 1468 interlucent,

137 1514 216 1576 quae
232 1494 388 1574 implicata
414 1492 553 1566 humore,
567 1512 648 1566 mor,
663 1491 846 1554 durescente
861 1494 997 1568 materia,
1014 1493 1079 1555 clu-

137 1594 259 1657 duntur.
316 1592 508 1656 Fecundiora
536 1593 629 1675 igitur
656 1613 781 1655 nemora
809 1593 968 1676 lucosque,
999 1595 1080 1656 sicut

139 1694 273 1757 Orientis
297 1695 432 1768 secretis,
449 1693 501 1756 ubi
524 1694 612 1756 thura
634 1693 831 1776 balsamaque
854 1694 1012 1770 sudantur,
1036 1697 1078 1758 ita

139 1794 317 1858 Occidentis
340 1795 447 1857 insulis
470 1796 618 1877 terrisque
641 1796 754 1869 inesse,
770 1795 974 1871 crediderim3
998 1817 1079 1878 quae

137 1897 230 1960 vicini
253 1895 327 1958 solis
348 1895 440 1957 radiis
463 1916 608 1975 expressa
636 1908 726 1978 atque
749 1896 896 1978 liquentia
921 1897 952 1958 in
979 1899 1080 1976 proxi·

137 2016 224 2059 mum
251 2015 334 2057 mare
360 1994 512 2069 labuntur,
535 2016 572 2057 ac
596 1997 626 2058 vi
653 2008 870 2075 tempestatum
896 1997 927 2058 in
953 1997 1081 2059 adversa

137 2096 237 2159 littora
266 2095 428 2158 exundant.
481 2095 515 2158 Si
544 2109 682 2158 naturam
712 2097 829 2159 succini
857 2097 980 2159 admoto
1009 2098 1080 2180 igne

137 2209 247 2272 tentes,
264 2196 294 2260 in
312 2196 440 2260 modum
462 2195 568 2259 taedae
591 2197 777 2272 accenditur,
794 2197 907 2280 alitque
922 2198 1079 2261 flammam

136 2297 284 2380 pinguem
313 2307 344 2358 et
373 2296 524 2358 olentem:
555 2317 627 2358 mox
655 2309 689 2359 ut
718 2297 748 2358 in
778 2298 879 2380 picem
907 2300 1080 2365 resinamve

138 2396 289 2460 lentescit.
349 2395 517 2460 Suionibus
547 2394 689 2458 Sitonum
718 2409 826 2479 gentes
855 2399 1079 2462 continuantur.

139 2496 255 2561 Cetera
280 2496 407 2572 similes,
430 2518 492 2559 uno
521 2496 674 2573 differunt,
697 2496 779 2578 quod
801 2497 915 2561 femina
943 2499 1080 2565 domina·

136 2609 206 2662 tur:
237 2599 268 2661 in
297 2610 415 2661 tantum
443 2620 504 2660 non
531 2597 623 2660 modo
644 2618 663 2658 a
684 2598 832 2674 libertate,
856 2598 911 2662 sed
940 2602 1033 2663 etiam
1061 2622 1080 2664 a

137 2701 282 2763 servitute
297 2700 495 2782 degenerant.

178 2797 288 2861 XLVI.
325 2800 389 2863 Hic
427 2799 560 2862 Sueviae
595 2800 676 2862 finis.
732 2800 941 2864 Peucinorum
977 2800 1080 2866 Vene-

136 2901 307 2983 dorumque
322 2914 353 2963 et
367 2899 541 2963 Fennorum
562 2903 700 2964 nationes
724 2900 887 2966 Germanis
902 2925 939 2966 an
957 2904 1079 2968 Sarma·

136 3002 176 3064 tis
192 3001 353 3075 ascribam,
369 3000 489 3063 dubito:
514 3022 689 3084 quanquam
704 3002 845 3078 Peucini,
861 3026 938 3086 quos
954 3006 1080 3088 quidam

137 3102 302 3165 Bastarnas
325 3113 442 3176 vocant,
466 3122 616 3178 sermone,
639 3103 734 3180 cultu,
759 3105 831 3167 sede
854 3127 890 3167 ac
905 3106 1078 3183 domiciliis,

136 3215 172 3266 ut
194 3200 351 3278 Germani,
374 3216 478 3285 agunt.
524 3203 637 3266 Sordes
662 3207 799 3268 omnium
821 3227 858 3268 ac
880 3221 981 3291 torpor
1010 3230 1079 3292 pro·

137 3323 264 3368 cerum:
306 3304 465 3367 connubiis
499 3305 613 3380 mixtis,
644 3305 780 3370 nonnihil
808 3308 838 3368 in
869 3307 1079 3373 Sarmatarum

137 3403 276 3466 habitum
311 3403 514 3466 foedantur:v
543 3403 664 3467 Venedi
698 3407 831 3469 multum
866 3429 906 3469 ex
941 3410 1079 3473 moribus

136 3516 300 3568 traxerunt.
344 3503 427 3566 Nam
440 3505 594 3588 quidquid
616 3492 694 3569 iuter
715 3506 871 3570 Peucinos
894 3507 1079 3593 Fennosque

137 3604 281 3685 silvarum
311 3625 347 3666 ac
375 3604 527 3684 montium
554 3605 689 3687 erigitur,
719 3605 896 3679 latrociniis
913 3623 1078 3688 pererrant.

136 3703 182 3769 Hi
203 3718 306 3769 tamen
328 3705 406 3768 inter
429 3702 602 3777 Germanos
625 3707 727 3789 potius
749 3707 930 3784 referuntur,
953 3711 1026 3792 quia
1046 3723 1079 3775 et

135 3805 244 3870 domos
271 3806 390 3890 fingunt
419 3817 461 3870 et,
479 3818 566 3869 scuta
601 3818 737 3888 gestant,
750 3819 781 3871 et
808 3807 1012 3892 pomum
1025 3833 1079 3881 *ac
