2424 4388
162 382 205 439 62
486 395 516 435 c.
539 392 635 434 court.
659 391 768 435 raeiri

163 542 283 606 tauniae
310 553 415 620 patet3
450 551 540 622 atque
570 559 661 600 omne
689 539 827 621 ignotum
854 558 911 622 pro
938 540 1104 622 magnifico

164 654 220 704 est.
265 640 329 703 Sed
354 640 437 702 nulla
462 639 526 723 jam
551 639 631 701 ultra
652 659 737 720 gens,
759 638 834 700 nihil
855 639 915 701 nisi
936 639 1051 702 fluetus
1073 653 1105 703 et

165 763 246 815 saxa,
263 755 293 804 et
310 741 480 803 infestiores
503 739 656 802 Romani:
680 760 810 820 quorum
833 740 1010 819 superbiam
1024 741 1103 803 frus·

164 853 209 905 tra
222 864 277 925 per
298 843 481 922 obsequium
497 853 528 902 et
543 839 725 902 modestiam
747 839 905 923 effugeris.
949 839 1103 920 Raptores

165 943 256 1017 orbis,
271 954 434 1023 postquam
456 953 567 1003 cuneta
589 939 778 1002 vastantibus
800 938 926 1002 defuere
948 952 1058 1015 terrae,
1073 953 1105 1003 et

165 1065 248 1106 mare
277 1055 469 1105 scrutantur:
509 1041 535 1103 si
563 1039 701 1120 locuples
728 1038 825 1101 hostis
854 1053 911 1116 est,
941 1042 1046 1118 avari;
1077 1043 1104 1103 si

164 1165 288 1224 pauper,
313 1143 483 1205 ambitiosi:
514 1162 591 1224 quos
618 1161 677 1203 non
702 1140 822 1215 Oriens,
849 1161 911 1202 non
937 1139 1102 1216 Occidens,

166 1245 327 1307 satiaverit.
382 1243 446 1305 Soli
484 1243 621 1304 omnium
651 1262 726 1321 opes
755 1253 846 1323 atque
875 1242 1009 1321 inopiam
1038 1243 1103 1321 pari

166 1343 277 1407 affectu
321 1344 551 1423 concupiscunt.
609 1332 749 1415 Auferre,
787 1340 948 1415 trucidare,
985 1362 1101 1420 rapere,

167 1443 252 1507 falsis
281 1443 455 1506 nominibus
482 1443 665 1521 imperium;
695 1453 796 1523 atque,
824 1441 877 1503 ubi
907 1440 1104 1503 solitudinem

167 1544 290 1616 faciunt,
305 1564 413 1623 pacem
429 1541 610 1626 appellant.'’

207 1640 323 1704 XXXI.
348 1642 507 1704 “Liberos
527 1643 639 1724 cuique
655 1663 691 1704 ac
706 1641 891 1725 propinquos
906 1662 979 1702 suos
995 1653 1103 1703 natura

166 1745 342 1806 carissimos
357 1764 426 1805 esse
441 1743 555 1818 voluit;
579 1742 610 1804 hi
624 1762 679 1821 per
693 1741 841 1816 delectus,
858 1742 929 1804 alibi
951 1743 1102 1818 servituri,

166 1843 362 1923 auferuntur:
392 1843 539 1927 conjuges
566 1863 756 1924 sororesque,
783 1843 841 1904 etsi
869 1842 1012 1904 hostilem
1035 1843 1104 1905 libi·

165 1944 269 2006 dinem
297 1943 454 2025 effugiant,
484 1944 605 2005 nomine
635 1945 804 2005 amicorum
833 1955 923 2025 atque
949 1943 1105 2023 hospitum

165 2044 350 2126 polluuntur.
393 2042 480 2106 Bona
507 2043 702 2126 fortunasque
731 2044 761 2105 in
791 2044 938 2106 tributum
966 2057 1105 2126 egerunt,

166 2168 260 2209 annos
275 2147 306 2208 in
319 2145 526 2208 frumentum:
551 2165 676 2224 corpora
698 2146 764 2225 ipsa
778 2165 815 2207 ac
829 2165 938 2207 manus
962 2145 1047 2207 silvis
1067 2166 1105 2207 ae

167 2247 328 2328 paludibus
357 2245 548 2308 emuniendis
576 2245 703 2306 verbera
731 2246 808 2307 inter
836 2266 873 2307 ac
901 2245 1104 2307 contumelias

166 2359 334 2411 conterunt.
378 2345 460 2408 Nata
489 2347 626 2408 servituti
655 2347 806 2425 mancipia
836 2346 932 2409 semel
960 2359 1104 2421 veneunt,
1136 2402 1137 2406 ,

166 2461 257 2531 atque
285 2448 363 2510 ultro
384 2469 402 2508 a
423 2446 553 2509 dominis
581 2446 719 2509 aluntur:
744 2445 899 2510 Britannia
928 2448 1105 2509 servitutem

167 2571 254 2611 suam
283 2548 417 2631 quotidie
447 2548 530 2620 emit,
560 2547 695 2629 quotidie
725 2549 833 2630 pascit.
877 2548 935 2621 Ac,
966 2548 1046 2609 sicut
1074 2548 1107 2609 in

166 2648 280 2711 familia
301 2649 530 2712 recentissimus
552 2649 684 2729 quisque
714 2668 869 2709 servorum
892 2663 922 2709 et
947 2649 1105 2710 conservis

167 2748 297 2812 ludibrio
320 2763 376 2824 est,
394 2750 438 2811 sic
453 2750 484 2810 in
499 2747 557 2809 hoc
573 2748 653 2808 orbis
674 2760 822 2810 terrarum
838 2761 939 2809 vetere
955 2747 1103 2810 famulatu

168 2850 236 2910 novi
259 2869 314 2910 nos
337 2860 367 2910 et
389 2848 464 2909 viles
480 2849 509 2909 in
525 2847 679 2909 excidium
701 2848 843 2926 petimur.
888 2847 1000 2930 Neque
1022 2849 1104 2910 enim

167 2969 237 3008 arva
253 2948 338 3008 nobis
361 2961 414 3009 aut
436 2948 558 3009 metalla
581 2959 633 3008 aut
659 2959 762 3027 portus
787 2963 867 3020 sunt,
883 2949 995 3031 quibus
1019 2969 1104 3010 exer·

168 3047 274 3109 cendis
300 3068 499 3108 reservemur.
544 3047 649 3110 Virtus
675 3069 763 3130 porro
787 3069 822 3109 ac
846 3048 958 3110 ferocia
985 3048 1104 3130 subjec-

167 3160 266 3208 torum
309 3148 424 3228 ingrata
467 3149 709 3225 imperantibus:
754 3163 785 3209 et
824 3148 1028 3231 longinquitas
1069 3171 1106 3210 ac

168 3261 320 3309 secretum
356 3249 456 3330 ipsum
494 3269 555 3330 quo
590 3250 696 3321 tutius,
735 3272 771 3310 eo
809 3253 994 3332 suspectius.
1047 3250 1104 3323 lta,

168 3347 286 3409 sublata
323 3369 376 3427 spe
413 3350 529 3421 veniae,
559 3349 681 3410 tandem
718 3351 829 3411 sumite
866 3353 1012 3423 animum,
1043 3363 1105 3413 tam

167 3447 278 3529 quibus
316 3447 409 3521 salus,
446 3469 536 3530 quam
573 3449 686 3530 quibus
722 3449 817 3530 gloria
852 3450 1010 3510 carissima
1047 3463 1104 3511 est.

167 3547 380 3622 Trinobantes,
417 3546 531 3609 femina
566 3547 655 3620 duce,
691 3568 818 3609 exurere
855 3547 1015 3622 coloniam,
1053 3569 1106 3610 ex·

165 3669 301 3732 pugnare
324 3661 431 3721 castra,
455 3667 501 3720 ac,
524 3648 583 3709 nisi
605 3646 734 3709 felicitas
756 3650 786 3709 in
809 3648 979 3710 socordiam
997 3651 1105 3711 vertis·

166 3760 223 3824 sot,
246 3769 356 3811 exuere
382 3748 493 3831 jugum
512 3759 660 3829 potuere3
691 3768 747 3809 nos
776 3748 884 3831 integri
906 3761 937 3810 et
965 3747 1105 3811 indomiti
