2424 4388
494 432 535 476 nr
560 435 740 478 assurum.
1039 424 1076 481 21

183 573 243 638 IX.
265 573 403 637 Deorum
424 576 557 637 maxime
573 574 763 638 Mercurium
785 576 898 652 colunt,
913 576 965 639 cui
987 578 1078 640 certis

136 675 249 739 diebus
286 675 428 738 humanis
456 697 578 757 quoque
615 676 723 738 hostiis
758 677 843 740 litare
873 678 919 740 fas
956 677 1100 741 habent.'

137 774 312 838 Herculem
333 796 370 837 ac
392 775 524 837 Martem
546 779 703 839 concessis
726 778 907 840 animalibus
935 779 1076 858 placent:

135 898 209 957 pars
240 876 412 938 Suanorum
442 889 472 938 et
501 876 575 938 Isidi
605 878 765 940 sacrificat.
810 877 899 940 Unde
929 883 1023 941 causa
1048 891 1078 941 et

137 976 224 1058 origo
259 976 419 1057 peregrino
456 996 542 1037 sacro
576 997 685 1055 parum
720 979 865 1058 comperi,
901 979 960 1040 nisi
996 978 1078 1060 quod

138 1077 262 1158 signum
284 1077 396 1154 ipsum,
423 1077 454 1137 in
478 1075 604 1138 modum
632 1077 768 1138 liburnae
791 1078 965 1160 figuratum,
988 1079 1078 1142 docet

136 1175 299 1238 advectam
320 1175 509 1258 religionem.
544 1175 702 1259 ,Ceterum
719 1197 776 1237 nec
791 1177 932 1239 cohibere
955 1180 1076 1262 parieti·

135 1276 198 1337 bus
235 1274 319 1348 deos,
353 1296 452 1357 neque
489 1276 518 1337 in
555 1275 648 1337 ullam
684 1275 808 1337 humani
845 1278 905 1338 oris
942 1278 1077 1356 speciem

137 1375 329 1449 assimulare,
360 1396 398 1437 ex
426 1375 636 1457 magnitudine
665 1376 845 1437 coelestium
874 1376 1075 1437 arbitrantur:

136 1475 226 1537 lucos
255 1496 291 1536 ac
319 1496 443 1537 nemora
472 1487 659 1549 consecrent,
686 1475 874 1557 deorumque
904 1475 1077 1538 nominibus

136 1574 291 1654 appellant
313 1587 466 1636 secretum
489 1573 573 1649 illud,
590 1575 672 1657 quod
694 1575 759 1636 sola
780 1576 947 1636 reverentia
964 1575 1075 1637 vident.

180 1673 222 1736 X.
245 1676 394 1755 Auspicia
416 1688 584 1757 sortesque,
608 1677 714 1757 utqui
738 1677 881 1751 maxime,
905 1676 1076 1739 observant.

138 1775 275 1838 Sortium
318 1776 508 1837 consuetudo
551 1776 704 1855 simplex:
742 1777 868 1859 virgam,
912 1776 1075 1858 frugiferae

136 1876 237 1938 arbori
261 1875 409 1949 decisam,
436 1876 467 1936 in
490 1875 629 1937 surculos
655 1889 821 1955 amputant,
845 1897 969 1958 eosque,
996 1877 1075 1938 notis

136 1975 321 2058 quibusdam
344 1975 504 2049 discretos,
527 1997 618 2055 super
640 1975 798 2037 candidam
821 1988 938 2037 vestem
961 1989 1075 2038 temere

137 2096 174 2138 ac
202 2074 325 2136 fortuito
355 2087 522 2156 spargunt:
565 2096 645 2150 mox,
676 2075 701 2136 si
729 2075 852 2154 publice
889 2076 1074 2151 consuletur,

137 2175 281 2237 sacerdos
310 2176 451 2249 civitatis,
482 2177 528 2237 sin
564 2177 713 2254 privatim,
744 2177 810 2254 ipse
846 2175 1074 2256 paterfamiliae,

136 2288 279 2356 precatus
315 2275 389 2337 deos
426 2275 608 2357 coelumque
645 2277 826 2355 suspiciens,
857 2288 903 2337 ter
938 2275 1076 2358 singulos

136 2375 225 2450 tollit,
265 2375 401 2437 sublatos
441 2375 611 2437 secundum
651 2377 832 2455 impressam
868 2390 937 2438 ante
973 2389 1076 2438 notam

137 2476 359 2554 interpretatur.
404 2474 438 2537 Si
468 2475 696 2559 prohibuerunt,
727 2477 810 2538 nulla
837 2477 875 2538 de
906 2476 1014 2538 eadem
1042 2497 1075 2538 re

137 2576 169 2640 in
198 2575 329 2637 eundern
358 2575 438 2637 diem
468 2575 669 2652 consultatio;
705 2577 752 2636 sin
781 2576 976 2657 permissum,
1005 2596 1076 2635 aus·

137 2675 288 2753 piciorum
303 2673 402 2736 adhuc
417 2674 493 2736 fides
512 2676 652 2756 exigitur.
698 2673 741 2734 Et
755 2672 830 2734 illud
845 2672 969 2754 quidem
984 2675 1076 2734 etiam

137 2769 189 2831 hic
225 2781 340 2843 notum,
377 2771 479 2831 avium
520 2790 613 2831 voces
649 2769 829 2850 volatusque
866 2771 1074 2851 interrogare:

137 2870 291 2950 proprium
335 2871 446 2951 gentis
488 2891 637 2951 equorum
678 2890 800 2951 quoque
843 2871 1003 2951 praesagia
1039 2890 1074 2931 ac

137 2971 272 3031 monitus
296 2971 445 3052 experiri3
469 2969 591 3049 publice
618 2970 739 3031 aluntur
764 2969 874 3031 iisdem
900 2969 1075 3032 nemoribus

137 3090 175 3130 ac
190 3069 268 3130 lucis
293 3069 413 3131 candidi
436 3083 466 3130 et
481 3070 564 3131 nullo
585 3070 703 3131 mortali
720 3090 809 3148 opere
825 3071 973 3131 contacti:
997 3092 1075 3151 quos

137 3190 262 3250 pressos
277 3190 365 3230 sacro
387 3191 476 3231 curru
501 3170 642 3231 sacerdos
658 3191 694 3231 ac
708 3191 762 3231 rex
777 3170 824 3231 vel
846 3172 987 3249 princeps
1003 3172 1075 3232 civi-

138 3269 209 3330 tatis
239 3270 428 3343 comitantur,
457 3268 652 3350 hinnitusque
681 3290 718 3330 ac
740 3269 879 3331 fremitus
905 3269 1074 3331 observant.

138 3365 208 3428 Nec
222 3366 277 3428 ulli
292 3368 430 3446 auspicio
455 3367 550 3450 major
564 3368 640 3429 fides
657 3389 717 3429 non
733 3368 832 3429 solum
847 3367 927 3447 apud
942 3367 1074 3448 plebem,

138 3464 194 3526 sed
216 3464 297 3544 apud
318 3486 470 3548 proceres,
495 3466 576 3549 apud
599 3467 791 3541 sacerdotes3
816 3487 849 3527 se
867 3468 949 3528 enim
972 3468 1076 3528 minis-

136 3578 199 3627 tros
234 3564 372 3639 deorum,
402 3565 470 3626 illos
487 3560 646 3628 'conscios
682 3579 799 3648 putant.
857 3566 917 3628 Est
952 3579 983 3626 et
1018 3566 1077 3626 alia

138 3665 310 3726 observatio
331 3666 548 3748 auspiciorum,
572 3661 633 3748 qna
654 3669 792 3748 gravium
815 3667 964 3728 bellorum
987 3685 1075 3725 eren·

139 3777 188 3825 ‘us
225 3765 402 3846 explorant3
426 3764 493 3846 ejus
528 3768 638 3846 gentis,
669 3786 741 3828 curn
771 3785 831 3844 qua
866 3763 981 3825 bellum
1018 3773 1075 3838 est,
