2424 4388
187 394 229 455 26
479 407 525 446 .c.
549 405 645 447 court.
669 402 806 447 suerrus

187 563 280 632 nupta
315 564 471 614 comatur:
505 550 560 615 sed
589 550 683 612 boves
712 563 742 612 et
766 549 919 612 frenatum
948 570 1066 632 equum
1095 564 1126 611 et

187 664 309 714 scutum
324 672 396 713 cum
410 651 526 713 framea
545 650 718 732 gladioque.
762 648 798 711 In
813 648 891 711 haec
905 670 1035 711 munera
1049 671 1126 712 uxor

186 751 351 834 accipitur:
379 762 469 831 atque
493 751 626 812 invicem
655 751 721 829 ipsa
744 769 896 811 armorum
921 748 1039 831 aliquid
1060 750 1125 811 viro

186 849 294 912 effert:
318 849 376 912 hoe
401 851 570 912 marimum
595 849 762 923 vinculum,
787 847 864 911 haec
888 870 1000 911 arcana
1026 869 1123 922 sacra,

187 949 242 1011 hos
265 950 439 1032 conjugales
461 949 536 1011 deos
558 949 747 1011 arbitrantur.
792 946 842 1009 Ne
857 969 891 1010 se
907 946 1018 1011 mulier
1040 961 1124 1010 extra

186 1051 332 1112 virtutum
353 1050 551 1132 cogitationes
574 1062 717 1130 extraque
739 1047 889 1111 bellorum
910 1068 1003 1109 casus
1026 1060 1122 1131 putet,

186 1150 261 1230 ipsis
304 1150 474 1229 incipientis
516 1149 699 1210 matrimonii
742 1149 889 1228 auspiciis
932 1147 1121 1222 admonetur,

186 1250 288 1312 venire
318 1270 350 1311 se
375 1249 510 1310 laborum
541 1248 808 1331 periculorumque
838 1248 962 1321 sociam,
987 1247 1070 1310 idem
1092 1248 1123 1309 in

186 1370 273 1433 pace,
304 1349 385 1411 idem
415 1350 444 1410 in
475 1348 588 1428 proelio
617 1368 776 1430 passuram
806 1367 1033 1429 ausuramque:
1053 1346 1122 1408 *hoc

192 1451 289 1533 juncti
311 1451 416 1522 boves,
440 1448 498 1510 hoc
519 1461 641 1527 paratus
664 1468 774 1529 equus,
794 1447 851 1509 hoc
873 1446 943 1509 data
964 1469 1049 1509 arma
1070 1447 1122 1509 de·

186 1550 343 1624 nuntiant3
368 1550 413 1610 sic
428 1547 601 1622 vivendum,
618 1548 663 1608 sic
677 1547 888 1626 pereundum:
913 1547 1053 1630 accipere
1077 1568 1121 1623 se,

186 1669 266 1729 quae
295 1648 398 1710 liberis
427 1646 569 1708 inviolata
598 1669 634 1708 ac
659 1646 752 1729 digna
780 1647 895 1721 reddat,
918 1667 997 1728 quae
1027 1669 1122 1710 nurus

185 1748 336 1826 accipiant
356 1766 473 1820 rursus,
496 1767 574 1827 quae
596 1746 782 1826 adnepotes
807 1746 985 1810 referantur.

228 1843 319 1906 XIX.
342 1842 426 1927 Ergo
448 1859 534 1925 septa
555 1845 701 1926 pudicitia
722 1858 826 1929 agunt,
849 1845 941 1909 nullis
963 1860 1124 1926 spectacu-

186 1945 283 2007 lorum
322 1944 484 2017 illecebris,
521 1946 612 2007 nullis
655 1947 864 2008 conviviorum
905 1948 1124 2011 irritationibus

186 2057 353 2125 corruptae
400 2043 583 2107 Litteramm
607 2059 724 2107 secreta
738 2047 794 2108 viri
814 2047 925 2126 pariter
938 2068 974 2109 ac
989 2047 1124 2110 feminae

185 2146 332 2228 ignorant.
376 2143 570 2207 Paucissima
599 2147 630 2206 in
651 2158 713 2207 tam
740 2167 902 2208 numerosa
923 2159 1015 2228 gente
1038 2148 1124 2211 adul·

185 2246 282 2318 teria3
312 2266 440 2327 quorum
470 2265 568 2327 poena
601 2266 744 2324 praesens
767 2258 797 2307 et
819 2247 934 2308 maritis
962 2249 1124 2326 permissa.

185 2345 307 2406 Accisis
330 2343 474 2416 crinibus,
499 2345 651 2418 nudatam,
672 2366 773 2408 eoram
796 2348 982 2429 propinquis,
999 2347 1126 2427 expellit

185 2443 276 2507 domo
305 2444 441 2516 maritus,
465 2464 501 2503 ac
527 2465 582 2526 per
610 2465 730 2507 omnem
758 2447 860 2507 vicum
882 2447 1008 2507 verbere
1038 2449 1123 2530 agit:

185 2545 356 2624 publicatae
386 2544 466 2605 enirn
497 2543 659 2622 pudicitiae
689 2545 772 2607 nulla
793 2547 902 2608 venia:
933 2567 993 2607 non
1014 2546 1123 2622 forma,

185 2665 245 2706 non
273 2657 381 2720 aetate,
410 2665 470 2706 non
499 2644 608 2724 opibus
637 2645 778 2706 maritum
808 2647 965 2707 invenerit.
1020 2645 1125 2709 Nemo

186 2744 269 2806 enim
289 2743 354 2806 illic
374 2746 446 2807 vitia
474 2745 569 2806 ridet:
600 2764 658 2804 nec
687 2765 880 2826 corrumpere
910 2759 940 2806 et
969 2750 1123 2826 eorrumpi

186 2842 347 2905 saeculum
369 2856 503 2904 vocatur.
548 2843 663 2904 Melius
690 2843 813 2924 quidem
838 2844 938 2906 adhuc
967 2866 1022 2907 eae
1050 2847 1126 2908 civi-

186 2951 274 3014 tates,
297 2941 327 3001 in
350 2941 462 3022 quibus
484 2954 600 3003 tantum
615 2944 747 3024 virgines
770 2944 898 3018 nubunt,
915 2957 946 3007 et
967 2965 1040 3006 cum
1068 2967 1124 3026 spe

185 3050 317 3119 votoque
333 3040 435 3100 uxoris
451 3040 546 3101 semel
562 3043 745 3123 transigitur.
790 3043 844 3106 Sic
858 3066 955 3106 unum
970 3045 1126 3125 accipiunt

187 3138 338 3213 maritum,
355 3159 416 3219 quo
438 3139 528 3200 modo
542 3161 637 3203 unum
661 3163 772 3225 corpus
795 3164 949 3226 unamque
965 3145 1068 3218 vitam,
1085 3166 1124 3208 ne

186 3236 250 3299 ulls
284 3238 427 3319 cogitatio
464 3238 550 3314 ultra,
579 3262 617 3301 ne
646 3242 763 3323 longior
798 3243 960 3326 cupiditas,
991 3265 1029 3304 ne
1059 3257 1124 3307 tan-

187 3355 279 3417 quam
307 3338 458 3410 maritum,
490 3338 544 3400 sed
573 3353 716 3421 tanquam
754 3343 978 3404 matrimonium
1009 3359 1124 3408 ament.

187 3433 360 3498 Numerum
382 3437 545 3500 liberorum
561 3439 657 3514 finire,
673 3454 725 3502 aut
747 3463 922 3524 quenquam
944 3463 983 3504 er
1004 3446 1124 3525 agnatis

188 3554 306 3610 necare,
333 3535 482 3618 flagitium
511 3537 659 3600 habetur:
689 3541 820 3623 plusque
850 3543 892 3605 ibi
921 3543 992 3604 boni
1022 3564 1124 3606 mores

189 3634 297 3705 valent.
312 3655 405 3717 quam
420 3635 491 3697 alibi
507 3637 605 3698 bonae
620 3639 716 3721 leges.

228 3733 303 3798 XX.
326 3735 362 3798 In
378 3736 458 3797 omni
473 3735 564 3827 dorno
583 3738 657 3800 nudi
673 3759 709 3801 ac
725 3740 847 3816 sordidi,
864 3744 895 3805 in
910 3743 966 3805 hos
981 3755 1075 3819 artus,
1091 3746 1123 3806 in
