2424 4388
489 410 656 454 roricone.
1007 402 1048 461 st

98 571 215 633 carent,
235 556 347 621 hortari
368 558 520 638 privatim,
544 559 687 644 adjuvare
709 561 842 641 publice,
865 577 900 625 ut
921 564 1045 645 templa,
1147 566 1151 575 '

97 660 174 734 fora,
197 660 309 722 domus
339 672 538 735 exstruerent,
562 661 713 724 laudando
742 676 897 745 promptos
927 678 958 727 et
979 688 1047 730 cas·

97 760 224 844 tigando
241 781 371 842 segnes:
396 761 438 822 ita
461 761 582 825 honoris
606 763 769 825 aemulatio
791 786 847 844 pro
861 769 1045 831 necessitate

98 874 172 924 erat.
218 860 290 923 Jam
316 883 389 922 vero
417 863 589 941 principum
616 863 696 926 filios
724 863 902 928 liberalibus
929 854 1045 931 artibus

98 962 232 1036 erudire,
266 975 296 1024 et
332 963 455 1044 ingenia
491 961 705 1027 Britannorum
743 966 852 1028 studiis
884 966 1046 1033 Gallorum

98 1061 260 1137 anteferre,
278 1074 321 1137 ut,
337 1063 390 1144 qui
406 1063 497 1125 modo
519 1062 656 1146 linguam
672 1064 845 1128 Romanam
860 1068 1044 1146 abnuebant,

99 1162 307 1245 eloquentiam
329 1164 592 1244 concupiscerent.
638 1165 714 1229 lude
730 1168 823 1229 etiam
838 1166 960 1230 babitus
974 1191 1045 1232 nos-

99 1265 135 1326 tri
152 1264 247 1327 honor
262 1278 293 1327 et
306 1262 451 1346 frequens
474 1278 563 1348 toga:
588 1266 797 1349 paulatimque
818 1268 992 1331 discessum
1006 1271 1045 1333 ad

97 1363 305 1427 delenimenta
339 1366 492 1440 vitiorum,
521 1368 656 1445 porticus
685 1379 716 1429 et
743 1368 854 1430 balnea
882 1381 913 1431 et
941 1372 1045 1434 conri-

97 1467 216 1529 viorum
240 1466 444 1550 elegantiam:
469 1466 562 1550 idque
588 1468 668 1548 apud
692 1470 848 1549 imperitos
871 1469 1044 1535 humanitas

97 1568 275 1641 vocabatur,
293 1589 366 1630 oum
382 1590 451 1648 pars
468 1569 623 1631 servitutis
639 1582 732 1633 esset.

136 1667 250 1735 XXII.
274 1668 401 1731 Tertius
428 1670 656 1750 expeditionum
685 1693 783 1735 annus
811 1694 906 1736 novas
935 1687 1043 1758 gentes

97 1771 226 1850 aperuit.
255 1772 382 1833 vastatis
410 1793 510 1853 usque
535 1771 573 1834 ad
603 1771 707 1835 Taum
736 1775 902 1854 (aestuario
930 1798 1044 1839 nornen

97 1871 161 1950 est)
185 1873 377 1935 nationibus:
409 1894 470 1955 qua
497 1871 658 1936 formidine
687 1877 782 1938 territi
811 1874 916 1938 hostes
945 1900 1041 1960 quan·
1098 1953 1103 1965 ⁸

97 1994 191 2055 quam
220 1973 429 2036 conflictatum
465 1975 566 2036 saeris
604 1977 838 2059 tempestatibus
873 1980 1043 2042 exercitum

96 2073 252 2136 lacessere
282 2095 342 2136 non
371 2075 461 2149 ausi3
499 2074 724 2159 prouendisque
755 2077 880 2157 insuper
907 2080 1043 2143 castellis

97 2176 232 2258 spatium
261 2173 330 2237 fuit.
373 2176 568 2238 Annotabant
599 2177 688 2256 periti
717 2199 778 2239 non
807 2177 902 2240 alium
929 2179 1043 2241 ducem

97 2276 337 2355 opportunitates
360 2275 498 2338 locorum
519 2277 689 2356 sapientius
712 2277 845 2360 legisse:
869 2276 987 2339 nullum
1004 2279 1043 2339 ab

97 2375 243 2458 Agricola
264 2377 399 2460 positum
422 2376 584 2440 castellum
607 2390 659 2440 aut
681 2379 712 2441 vi
734 2378 868 2441 hostium
888 2399 1043 2461 expugna·

97 2489 165 2539 tum
186 2489 239 2541 aut
264 2478 405 2560 pactione
427 2498 464 2547 ac
486 2477 561 2561 fuga
582 2478 749 2543 desertum.
796 2478 930 2541 Crebrae
954 2497 1042 2559 erup-

97 2579 215 2641 tiones:
238 2600 309 2641 nam
330 2578 477 2641 adversus
500 2600 600 2641 moras
624 2578 791 2641 obsidionis
814 2580 922 2640 annuis
944 2580 1042 2662 copiis

96 2679 314 2742 firmabantur:
338 2680 380 2742 ita
404 2680 554 2761 intrepida
579 2680 621 2742 ibi
648 2679 757 2754 hiems,
774 2692 804 2742 et
830 2680 887 2742 sibi
910 2681 1042 2762 quisque

96 2780 259 2861 praesidio,
287 2781 377 2845 irritis
403 2780 544 2844 hostibus
573 2800 673 2864 eoque
699 2778 943 2864 desperantibus,
970 2783 1043 2863 quia
1079 2816 1084 2824 ·

98 2881 179 2952 soliti
209 2880 389 2964 plerumque
418 2881 529 2945 damna
563 2882 688 2945 aestatis
717 2881 852 2946 hibernis
881 2883 1043 2946 eventibus

96 3002 236 3062 pensare,
260 2994 325 3053 tum
348 2994 464 3044 aestate
487 2995 579 3064 atque
603 2981 706 3047 bieme
728 2982 814 3064 juxta
839 2981 1042 3066 pellebantur.

97 3079 168 3142 Nec
197 3081 343 3164 Agricola
371 3102 508 3163 unquam
528 3102 583 3162 per
612 3081 688 3144 alios
710 3094 798 3164 gesta
820 3082 927 3145 avidus
952 3084 1042 3145 inter·

97 3182 201 3262 cepit:
226 3203 281 3245 seu
305 3183 444 3245 centurio
466 3203 522 3244 seu
544 3181 729 3267 praefectus,
745 3184 954 3266 incorruptum
969 3183 1042 3246 facti

97 3295 208 3345 testem
229 3281 371 3345 babebat.
416 3281 509 3366 Apud
524 3282 674 3365 quosdam
697 3283 835 3345 acerbior
849 3284 880 3345 in
895 3283 1042 3344 conviciis

97 3382 283 3459 narrabatur,
307 3396 342 3446 ut
363 3383 452 3445 bonis
479 3385 586 3458 comis,
602 3385 643 3446 ita
669 3383 815 3446 adversus
842 3382 939 3445 malos
965 3383 1042 3466 inju-

97 3485 239 3547 cundus:
264 3497 402 3548 ceterum
417 3505 456 3546 ex
470 3484 627 3547 iracundia
642 3485 717 3547 nibil
740 3495 916 3564 supererat;
941 3503 1048 3543 secra.

98 3598 165 3648 tum
180 3598 211 3647 ct
225 3585 381 3648 silentium
404 3585 471 3668 ejus
494 3604 554 3647 non
575 3586 720 3654 timeres:
744 3584 902 3647 honestius
916 3581 1042 3662 putabat

101 3687 266 3761 offendere,
282 3708 375 3769 quam
391 3687 503 3749 odisse.

108 3834 112 3855 1
142 3786 270 3860 XXIII.
293 3786 412 3862 Quarta
433 3799 536 3933 qqstas
551 3786 733 3863 obtinendis,
748 3805 828 3868 quae
841 3790 1041 3864 percurrerat,
