2424 4388
135 432 178 491 32
452 447 480 485 c.
504 443 600 486 corn.
623 436 759 484 rserrus

136 591 288 674 siquidem
316 590 411 653 colles
433 589 579 670 paulatim
604 602 769 662 rarescunt,
799 601 831 650 et
859 587 969 652 Cattos
999 612 1072 654 suos

136 691 232 754 saltus
261 689 439 773 Hercynius
473 689 665 772 prosequitur
693 688 785 750 simul
816 701 907 770 atqua
936 689 1071 770 deponit.

136 789 267 853 Duriora
288 790 371 871 genti
395 794 530 870 corpora,
558 788 652 849 stricti
678 799 771 861 artus,
787 789 891 849 minax
913 789 1017 850 vultus
1042 803 1073 852 et

137 890 231 973 major
266 889 357 951 animi
386 889 481 969 vigor.
538 886 682 962 Multum,
711 900 746 949 ut
782 889 858 949 inter
888 886 1070 964 Germanos,

136 990 259 1053 rationis
296 1010 332 1050 ac
370 988 531 1050 solertiae:
576 1007 762 1069 praeponere
802 987 926 1060 electos,
966 989 1072 1051 audire

136 1089 334 1173 praepositos,
371 1107 462 1148 nosse
499 1087 629 1160 ordines,
670 1086 837 1168 intelligere
880 1089 1070 1162 occasiones,

137 1187 256 1251 differre
280 1189 421 1271 impetus,
437 1187 596 1266 disponere
618 1185 710 1258 diem,
726 1186 838 1248 vallare
863 1199 995 1261 noctem,
1011 1187 1071 1249 for·

136 1301 241 1352 tunam
269 1290 346 1351 inter
373 1288 476 1360 dubia,
502 1289 645 1348 virtutem
674 1287 751 1348 inter
779 1299 861 1347 certa
888 1308 1069 1350 numerare:

137 1389 279 1472 quodque
300 1389 490 1450 rarissimum
511 1406 569 1447 nec
590 1387 648 1448 nisi
671 1387 784 1447 ratione
806 1386 985 1471 disciplinae
1000 1409 1072 1450 con·

137 1509 270 1564 cessum,
285 1488 354 1568 plus
368 1507 512 1567 reponere
526 1485 656 1559 induce,
672 1506 765 1567 quam
780 1487 925 1549 exercitu.
970 1486 1071 1550 Omne

137 1589 228 1651 robur
241 1589 272 1650 in
286 1587 398 1668 pedite,
412 1607 513 1668 quem,
529 1606 620 1665 super
634 1606 726 1658 arma,
742 1585 932 1648 ferramentis
946 1609 1071 1669 quoque

137 1699 169 1751 et
182 1688 277 1766 copiis
299 1698 431 1748 onerant.
474 1685 561 1747 Alios
583 1685 621 1746 ad
642 1685 791 1765 proelium
807 1686 849 1746 ire
864 1685 979 1761 videas,
998 1686 1072 1748 Cat·

137 1800 184 1850 tos
212 1786 250 1849 ad
278 1785 405 1848 ballum.
449 1785 524 1847 Rari
558 1805 706 1846 excursus
735 1797 766 1846 et
794 1782 914 1846 fortuita
942 1804 1071 1868 pugoa3

138 1886 326 1968 equestrium
361 1905 434 1946 sane
463 1887 573 1947 virium
609 1885 640 1946 id
675 1885 838 1964 proprium,
869 1885 930 1946 cito
964 1907 1073 1964 parare

137 1986 303 2060 victoriam,
333 1986 394 2047 cito
421 1985 550 2047 cedere:
580 1985 725 2046 velocitas
751 1985 837 2067 juxta
865 1984 1072 2062 formidinem,

138 2084 291 2148 cunctatio
304 2086 424 2165 propior
438 2088 624 2146 constantiae
641 2098 697 2146 est.
826 2072 828 2084 ’

180 2182 304 2246 ΧΧΧΙ.
326 2181 368 2245 Et
392 2184 461 2246 aliis
487 2182 710 2245 Germanorum
741 2184 861 2264 populis
890 2198 1073 2264 usurpatum

137 2304 203 2345 rara
231 2295 262 2345 et
288 2285 404 2363 privata
439 2283 587 2364 cujusque
616 2282 758 2345 audentia
793 2283 873 2363 apud
904 2283 1011 2347 Cattos
1041 2287 1073 2349 in

137 2402 323 2444 consensum
344 2381 442 2454 vertit,
456 2393 491 2442 ut
504 2382 638 2463 primum
659 2382 853 2458 adoleverint,
869 2385 985 2446 crinem
1003 2385 1073 2449 bar·

137 2483 268 2564 bamque
306 2481 492 2556 submittere,
522 2501 590 2555 nec,
623 2483 681 2544 nisi
711 2483 798 2544 hoste
826 2505 928 2559 caeso,
957 2505 1072 2549 exuere

137 2585 272 2646 votivum
300 2582 528 2665 obligatumque
557 2583 659 2644 virtuti
688 2584 748 2644 oris
777 2583 938 2671 habitum..
969 2584 1072 2666 Super

137 2685 316 2767 sanguinem
346 2696 377 2746 et
412 2683 508 2763 spolia
542 2682 676 2744 revelant
704 2682 843 2758 frontem,
872 2705 968 2767 seque
1004 2698 1071 2750 tum

136 2782 261 2845 demum
282 2785 378 2863 pretia
398 2782 544 2845 nascendi
565 2781 718 2856 retulisse,
730 2783 899 2864 dignosque
920 2787 1018 2864 patria
1032 2808 1072 2849 ac

136 2882 310 2961 parentibus
345 2880 456 2944 ferunt.
513 2881 636 2980 Ignavis
679 2896 710 2944 et
752 2884 926 2946 imbellibus
968 2899 1073 2949 manet

137 2980 268 3062 squalor.
312 2979 509 3044 Fortissimus
532 2982 661 3063 quisque
677 2982 808 3045 ferreum
829 2986 954 3064 insuper
974 3006 1071 3049 annu-

136 3081 200 3142 lum
222 3080 472 3161 (ignominiosum
494 3081 524 3142 id
545 3083 643 3163 genti)
664 3083 748 3146 velut
775 3085 931 3147 vinculum
959 3099 1069 3168 gestat,

134 3180 232 3242 donec
255 3200 288 3240 se
311 3179 405 3240 caede
427 3178 523 3242 hostis
550 3182 696 3244 absolvat.
740 3183 885 3247 Plurimis
909 3185 1071 3249 Cattorum

136 3280 185 3342 hic
199 3279 299 3359 placet
320 3278 452 3343 habitus.
495 3280 626 3364 Jamque
642 3298 751 3345 canent
769 3286 915 3366 insignes,
931 3298 961 3348 et
975 3284 1070 3349 hosti·

135 3380 193 3442 bus
223 3381 314 3443 simul
344 3382 468 3463 suisque
501 3385 668 3446 monstrati.
713 3385 860 3448 Omnium
888 3408 983 3466 penes
1012 3386 1070 3450 hos

136 3481 220 3542 initia
233 3501 423 3562 pugnarum:
445 3482 521 3544 haee
535 3485 631 3562 prima
646 3504 767 3564 semper
781 3487 873 3560 acies,
886 3489 954 3548 visu
970 3508 1068 3562 nova3

135 3600 204 3642 nam
226 3579 318 3642 nain
343 3601 418 3660 pace
445 3582 568 3663 quidem
584 3583 669 3646 vultu
694 3586 812 3646 mitiore
838 3599 1068 3673 mansuescunt.

135 3679 221 3756 Nulli
235 3681 347 3743 domus
361 3693 412 3743 aut
426 3702 500 3764 ager
514 3696 566 3745 aut
578 3684 679 3766 aliqua
693 3706 785 3747 cura:
809 3699 898 3766 prout
911 3687 950 3749 ad
962 3707 1070 3769 quem·

134 3802 330 3864 quererere,
345 3782 486 3846 aluntur:
508 3785 625 3868 prodigi
640 3785 742 3860 alieni,
757 3799 984 3867 contemptores
999 3789 1048 3850 sui
1058 3809 1077 3849 e·
