2424 4388
525 392 694 434 remcort.
1044 384 1086 442 59

136 538 250 599 castris
272 537 368 617 pedes
389 559 547 621 equesque
563 551 594 600 et
608 541 749 602 nauticus
771 541 870 617 miles,
887 543 972 607 mixti
988 546 1084 624 copiis

137 651 169 700 et
195 637 322 712 laetitia,
338 660 395 701 sua
416 641 547 722 quisque
569 639 658 714 facta,
683 662 756 703 suos
780 663 871 704 casus
894 644 1082 709 attollerent:

137 762 176 801 ac
200 739 293 800 modo
317 739 462 802 silvarum
486 754 517 802 ct
540 743 690 804 montium
715 743 875 822 profunda,
891 745 983 807 modo
1006 760 1082 810 tem-

136 853 293 920 pestatum
320 863 356 901 ac
381 841 531 903 fluctuum
561 841 698 916 adversa,
721 843 792 906 hinc
821 858 899 907 terra
921 858 952 908 et
973 846 1079 922 hostis,

138 941 211 1003 hinc
241 953 351 1003 auctus
376 941 521 1003 Oceanus
549 942 672 1005 militari
697 943 842 1026 jactantia
871 967 1081 1027 compararen-

137 1054 198 1104 tur.
243 1040 405 1103 Britannos
435 1063 568 1124 quoque,
598 1057 632 1106 ut
661 1066 699 1105 ex
728 1047 856 1125 captivis
890 1046 1079 1124 audiebatur,

137 1144 206 1204 visa
234 1143 343 1205 classis
373 1143 645 1222 obstupefaciebat,
668 1156 823 1226 tanquam,
855 1159 958 1226 aperto
987 1149 1080 1210 maris

138 1245 187 1305 sui
218 1254 345 1316 secreto,
375 1243 518 1306 ultimum
548 1245 637 1306 victis
674 1245 849 1328 perfugium
878 1246 1079 1310 clauderetur.

137 1344 188 1407 Ad
218 1365 327 1406 manus
350 1330 387 1406 et
408 1366 492 1406 arma
519 1346 658 1406 conversi
684 1345 883 1408 Caledoniam
914 1347 1080 1410 incolentes

136 1444 253 1525 populi,
275 1457 382 1524 paratu
407 1466 528 1528 magno,
552 1445 665 1528 majore
688 1445 779 1520 fama,
803 1447 847 1508 uti
875 1468 943 1509 mos
972 1460 1020 1511 est
1040 1448 1079 1511 de

136 1546 260 1628 ignotis,
285 1566 479 1629 oppugnasse
501 1545 589 1618 ultre,
613 1545 739 1608 castella
765 1546 871 1622 adorti,
895 1560 1022 1624 metum,
1046 1563 1080 1612 ut

135 1659 346 1726 provocantes,
363 1646 554 1708 addiderant:
578 1647 872 1730 regrediendumque
888 1650 964 1710 citra
978 1647 1079 1713 Bodo-

136 1748 235 1821 triam,
251 1760 282 1809 et
296 1747 506 1810 excedendum
529 1749 642 1831 potius,
658 1769 750 1830 quam
764 1749 957 1832 pellerentur,
974 1751 1078 1831 specie
1129 1816 1131 1821 ,

134 1848 333 1932 prudentium
347 1851 447 1931 ignavi
472 1848 696 1912 admonebant:
719 1872 790 1912 cum
813 1852 932 1914 interim
948 1873 1077 1936 cognos-

135 1951 179 2012 cit
208 1950 310 2012 hostes
345 1950 485 2030 pluribus
514 1951 688 2032 agminibus
718 1952 895 2031 irrupturos.
950 1955 1009 2029 Ac,
1039 1975 1077 2016 ue
1123 1968 1127 1974 '

136 2062 299 2130 superante
328 2072 458 2112 numero
486 2063 517 2113 et
545 2052 651 2131 peritia
687 2051 825 2113 locorum
855 2054 1076 2129 circumiretur,

134 2152 234 2214 diviso
249 2165 279 2214 et
294 2153 360 2232 ipse
375 2153 406 2214 in
421 2165 482 2214 tres
496 2166 598 2232 partes
619 2154 754 2215 exercitu
770 2155 906 2215 incessit.

179 2250 300 2316 XXVI.
325 2251 418 2325 Quod
443 2253 497 2315 ubi
521 2255 677 2335 cognitum
702 2253 791 2327 hosti,
814 2265 931 2315 mutato
952 2267 1077 2334 repente

136 2353 273 2428 consilio,
289 2355 425 2416 universi
447 2376 557 2415 nonam
580 2354 743 2436 legionem,
760 2367 794 2416 ut
815 2355 948 2416 maxime
971 2355 1077 2417 invali-

134 2455 216 2528 dam,
240 2467 328 2517 nocte
354 2455 502 2537 aggressi,
519 2446 596 2516 inter
622 2475 764 2517 somnum
787 2477 823 2516 ac
846 2454 1077 2534 trepidationem

135 2557 235 2618 caesis
263 2556 418 2638 vigilibus,
448 2557 593 2635 irrupere.
638 2554 770 2636 Jamque
799 2556 830 2616 in
863 2556 939 2638 ipsis
968 2558 1076 2618 castris

134 2657 319 2740 pugnabant,
336 2678 408 2718 cum
430 2656 584 2739 Agricola,
601 2657 658 2717 iter
679 2655 812 2717 hostium
829 2655 866 2716 ab
882 2655 1076 2736 exploratori-

134 2756 195 2820 bus
221 2757 349 2819 edoctus
364 2769 394 2818 et
408 2758 546 2838 vestigiis
573 2758 740 2829 insecutus,
756 2755 967 2818 velocissimos
990 2757 1076 2836 equi-

135 2870 200 2919 tum
229 2857 428 2939 peditumque
454 2856 603 2918 assultare
633 2857 725 2938 tergis
750 2856 952 2939 pugnantium
977 2856 1074 2940 jubet,

135 2980 208 3021 mox
222 2959 260 3020 ab
276 2959 425 3020 universis
448 2957 538 3040 adjici
560 2958 744 3033 clamorem3
769 2968 799 3019 et
814 2958 984 3041 propinqua
1005 2956 1074 3019 luce

135 3059 249 3122 fulsere
276 3060 382 3140 sigua:
407 3059 449 3120 ita
477 3059 600 3138 ancipiti
629 3059 710 3120 malo
739 3059 833 3121 territi
863 3056 1021 3120 Britanni:
1045 3071 1076 3120 et

136 3159 286 3223 Romanis
300 3159 378 3221 redit
399 3160 530 3233 animus,
547 3180 594 3233 ac,
611 3160 711 3221 securi
726 3159 763 3221 de
787 3159 895 3233 salute,
911 3180 966 3239 pro
980 3159 1075 3241 gloria

135 3260 300 3322 certabant.
346 3258 433 3321 Ultro
446 3260 521 3341 quin
542 3260 634 3321 etiam
651 3281 796 3339 erupere:
821 3272 851 3321 et
865 3258 923 3321 fuit
938 3272 1022 3321 atrox
1044 3260 1074 3319 in

135 3363 211 3444 ipsis
234 3373 388 3444 portarum
416 3361 566 3441 angustiis
588 3359 748 3443 proelium,
771 3360 869 3421 donec
894 3358 975 3439 pulsi
1005 3359 1073 3418 hos·

135 3477 203 3536 tes;
227 3475 357 3543 utroque
379 3461 515 3522 exercitu
537 3472 681 3534 certante,
705 3460 763 3534 his,
787 3473 820 3522 ut
842 3459 950 3535 tulisse
973 3479 1073 3538 opem,

135 3562 204 3636 illis,
220 3583 259 3624 ne
282 3561 407 3644 eguisse
429 3559 543 3623 auxilio
564 3561 748 3624 viderentur.
792 3559 886 3633 Quod
907 3560 966 3621 nisi
989 3557 1075 3637 palu-

133 3662 190 3725 des
211 3674 244 3725 et
267 3661 362 3724 silvae
383 3660 537 3744 fugientes
560 3661 718 3736 texissent,
733 3659 921 3722 debellatum
946 3656 998 3718 illa
1011 3656 1075 3717 vic*

134 3761 310 3827 toneloret.
