2424 4388
140 440 181 500 54
471 457 501 497 c.
521 456 617 498 oonn.
640 455 751 497 rnorrr

140 603 302 666 lasciviret.
347 600 522 665 Trebellius
545 602 620 686 iuga
641 624 677 664 ac
703 601 827 665 latebris
848 601 943 664 vitata
965 601 1081 664 exerci-

140 715 190 767 tus
231 704 285 779 ira,
325 703 487 765 indecorus
527 717 617 785 atque
657 703 792 777 humilis,
833 704 970 783 precario
1010 724 1081 765 mox

139 803 292 888 praefuit:
329 825 365 865 ac
394 804 477 866 velut
513 805 603 887 pacti,
634 804 785 865 exercitus
824 803 988 878 licentiam,
1018 803 1082 865 dux

141 903 291 980 salutern3
316 917 346 966 et
361 903 469 965 seditio
485 905 550 965 sine
570 904 717 986 sanguine
735 904 827 966 stetit.
871 903 941 965 Nec
959 902 1080 966 Vettius

142 1001 287 1078 Bolanus,
315 1003 508 1065 manentibus
531 1002 631 1065 adhuc
658 1002 799 1065 civilibus
827 1003 927 1077 bellis,
955 1004 1081 1086 agitavit

141 1103 328 1167 Britanniam
357 1104 542 1184 disciplina:
574 1104 692 1167 readem
728 1105 835 1167 inertia
863 1125 935 1187 erga
964 1104 1078 1180 hostes,

141 1205 250 1267 similis
286 1205 452 1285 petulantia
488 1216 682 1267 castrorum:
720 1206 778 1267 nisi
815 1204 897 1287 quod
932 1204 1079 1267 innocens

141 1304 277 1369 Bolanus
302 1320 332 1369 et
353 1305 445 1369 nullis
460 1305 579 1368 delictis
602 1306 729 1379 invisus,
745 1307 901 1368 caritatem
923 1318 1081 1386 paraverat

140 1406 209 1469 loco
224 1407 421 1469 auctoritatis.

183 1505 289 1570 XVII.
313 1506 387 1582 Sed,
411 1506 463 1569 ubi
486 1528 558 1570 cum
586 1519 688 1569 cetero
714 1507 786 1569 orbe
809 1505 1020 1586 Vespasianus
1050 1519 1080 1570 et

140 1606 329 1670 Britanniam
350 1609 538 1687 reciperavit,
565 1609 667 1690 magni
689 1608 795 1682 duces,
819 1609 935 1691 egregii
964 1610 1079 1670 exerci-

140 1721 201 1780 tus,
217 1708 334 1769 minuta
357 1707 488 1770 hostiurn
506 1730 587 1793 spes
632 1707 675 1771 Et
690 1721 834 1771 terrorem
857 1709 957 1771 statim
979 1709 1080 1773 intulit

139 1807 270 1871 Petilius
297 1807 438 1884 Cerialis,
468 1808 648 1892 Brigantum
674 1811 837 1884 civitatem,
867 1830 946 1892 quae
972 1832 1079 1873 uume-

138 1909 296 1971 rosissima
335 1911 507 1988 provinciae
549 1912 641 1973 totius
681 1911 865 1991 perhibetur,
902 1933 1078 1995 aggressus.

140 2007 240 2071 Multa
262 2009 386 2093 proelia,
402 2024 433 2073 et
447 2011 609 2094 aliquando
632 2034 690 2073 uon
714 2014 892 2074 incmenta:
920 2034 1079 2096 magnam·

139 2131 199 2192 que
228 2109 408 2194 Brigantum
444 2124 560 2192 partem
591 2128 643 2175 aut
671 2114 797 2175 victoria
825 2113 996 2196 amplexus,
1027 2125 1080 2176 aut

138 2210 230 2274 bello.
275 2211 326 2286 Et,
343 2235 415 2275 curn
440 2213 570 2276 Cerialis
592 2214 717 2296 quidem
740 2212 865 2276 alterius
889 2217 1078 2277 successoris

140 2334 245 2376 curam
268 2313 443 2396 famam‘que
466 2313 626 2389 obruisset,
651 2316 795 2377 sustinuit
816 2337 938 2397 quoque
964 2316 1078 2378 molem

139 2413 242 2477 Julius
265 2413 438 2489 Frontinus,
461 2416 507 2477 vir
532 2437 662 2497 magnus
685 2429 832 2498 quantum
860 2416 981 2490 licebat,
1005 2417 1078 2479 vali·

137 2515 270 2598 damque
287 2527 317 2578 et
331 2537 504 2601 pugnacem
528 2516 664 2578 Silurum
687 2531 811 2599 gentem
832 2518 925 2579 armis
944 2517 1077 2601 subegit,

139 2639 232 2697 super
252 2619 396 2680 virtutem
418 2616 563 2691 hostium,
578 2617 713 2680 locorum
737 2639 859 2700 quoque
881 2617 1078 2680 difficultates

139 2717 299 2780 eluctatus
541 2790 548 2801 ‚

182 2816 304 2880 XVIlI.
340 2818 437 2881 Hunc
474 2818 647 2882 Britanniae
685 2832 807 2895 statum,
837 2818 891 2882 lias
927 2820 1078 2883 bellomm

138 2918 222 2980 vices
238 2918 338 2981 media
357 2919 420 3002 jam
436 2933 549 2982 aestate
570 2933 779 3003 transgressus
795 2921 939 3004 Agricola
954 2922 1077 2995 invenit,

139 3038 210 3079 cum
227 3030 257 3079 et
271 3017 394 3093 milites,
411 3020 495 3081 velut
517 3022 631 3082 omissa
654 3021 855 3100 expeditione,
871 3021 910 3083 ad
933 3024 1078 3084 securita-

139 3128 211 3191 tem,
229 3129 259 3179 et
274 3116 377 3179 hostes
393 3118 431 3180 ad
447 3122 640 3183 occasionem
656 3136 851 3184 verterentur.
890 3122 1077 3184 Ordovicum

139 3218 257 3293 civitas,
289 3217 368 3280 haud
399 3219 495 3282 multo
524 3234 593 3282 ante
627 3222 792 3285 adveutum
820 3223 896 3306 ejus,
927 3223 1017 3298 alam,
1048 3224 1079 3284 in

139 3318 252 3380 finibus
282 3321 347 3382 suis
377 3335 529 3404 agentem,
559 3345 653 3407 prope
689 3325 864 3387 universam
893 3323 1076 3386 obtriverat:

138 3440 237 3501 eoque
267 3421 353 3483 initio
389 3435 490 3484 erecta
527 3426 705 3504 provincia:
744 3438 783 3500 ot,
813 3426 926 3508 quibus
961 3425 1079 3488 bellum

138 3518 310 3583 volentibus
333 3535 405 3597 erat,
421 3524 547 3602 probare
571 3525 756 3605 exemplum,
773 3547 809 3587 ac
831 3527 963 3587 recentis
986 3525 1079 3609 legati

137 3623 273 3684 animum
304 3625 443 3703 opperiri.
487 3623 571 3687 Tum
595 3626 747 3708 Agricola,
778 3648 953 3710 quanquam
982 3640 1079 3688 trans-

136 3736 225 3785 vecta
236 3738 347 3800 aestas,
361 3727 457 3808 sparsi
474 3746 528 3806 per
538 3728 725 3806 provinciam
740 3728 870 3801 numeri,
881 3739 1080 3811 praesumpta

138 3822 219 3902 apud
254 3825 382 3888 militem
412 3827 494 3891 illius
529 3829 599 3890 anni
630 3828 728 3910 quies,
758 3828 843 3891 tarda
871 3840 903 3891 et
931 3829 1079 3891 contraria
