2424 4388
514 432 684 477 Aoatcous.
1031 416 1074 476 67

135 581 271 644 hostium
286 582 385 643 aciem
407 583 554 644 invasere.
598 579 683 643 Tum
705 601 777 642 vero
798 581 971 661 patentibus
993 578 1070 643 locis

134 681 250 766 grande
266 693 297 742 et
311 693 394 743 atrox
409 681 638 761 spectaculum:
662 682 760 762 sequi,
776 681 944 755 vulnerare,
960 701 1069 761 capere

135 795 228 864 atque
252 781 387 856 eosdem,
403 781 511 843 oblatis
534 780 611 854 aliis,
627 780 788 843 trucidare.
832 779 902 843 Jam
927 781 1070 856 hostium,

134 894 227 962 prout
263 881 374 963 cuique
411 881 566 963 ingenium
604 892 677 955 erat,
714 893 852 943 catervae
889 894 1070 943 armatorum

135 981 332 1062 paucioribus
361 992 446 1062 terga
476 996 639 1059 praestare,
670 980 793 1062 quidam
826 982 958 1042 inermes
993 981 1072 1043 ultro

135 1102 226 1143 ruere
242 1101 278 1141 ac
294 1101 327 1140 se
342 1081 430 1141 morti
453 1078 571 1141 offerre.
615 1078 737 1140 Passim
763 1101 845 1142 arma
860 1094 890 1142 et
904 1101 1028 1160 corpora
1043 1092 1074 1141 et

135 1181 230 1243 laceri
254 1192 336 1241 artus
364 1192 396 1241 et
423 1192 549 1240 cruenta
577 1178 708 1241 humus:
733 1192 763 1240 et
792 1179 953 1261 aliquando
982 1181 1073 1241 etiam

136 1282 227 1343 victis
257 1281 301 1341 ira
327 1281 506 1361 virtusque:
540 1292 703 1362 postquam
739 1278 823 1341 silvis
852 1280 1071 1360 appropinqua·

136 1394 218 1453 runt,
235 1380 353 1443 collecti
375 1382 489 1460 primos
512 1381 704 1462 sequentium
727 1381 864 1442 incautos
887 1392 917 1441 et
938 1380 1074 1442 locorum

137 1482 261 1564 ignaros
290 1479 577 1542 circumveniebant.
622 1479 714 1553 Quod
736 1482 766 1542 ni
789 1472 931 1563 frequens
960 1480 1074 1562 ubique

138 1580 284 1664 Agricola
297 1580 412 1643 validas
427 1593 458 1643 et
472 1581 628 1660 expeditas
650 1580 788 1643 cohortes
810 1581 958 1663 indaginis
974 1579 1073 1655 modo,

138 1693 179 1755 et,
210 1681 310 1742 sicubi
339 1681 466 1742 arctiora
497 1692 590 1754 erant,
621 1693 735 1760 partem
773 1683 910 1762 equitum
939 1681 1074 1743 dimissis

139 1782 240 1863 equis,
257 1780 349 1842 simul
370 1781 498 1842 rariores
521 1780 613 1842 silvas
629 1782 762 1862 equitem
778 1781 945 1865 persultare
964 1781 1074 1864 jussis-

139 1894 197 1955 set,
221 1893 381 1960 acceptum
409 1880 532 1962 aliquod
559 1880 670 1942 vulnus
698 1902 753 1960 per
780 1883 904 1944 nimiam
928 1883 1073 1945 fiduciam

138 1981 228 2044 foret.
287 1980 443 2055 Ceterum,
480 1981 532 2042 ubi
569 1983 754 2061 compositos
786 1983 882 2045 firmis
919 1983 1074 2046 ordinibus

140 2081 229 2162 sequi
250 2101 356 2142 mrsus
379 2080 490 2155 videre,
513 2081 544 2142 in
566 2079 671 2164 fugam
693 2082 783 2157 versi,
807 2104 867 2144 non
890 2083 1073 2165 agminibus,

139 2192 176 2243 ut
202 2182 297 2264 prius,
321 2201 378 2242 nec
400 2180 478 2242 alius
508 2181 602 2243 alium
623 2195 839 2262 respectantes,
862 2184 920 2244 rari
949 2197 979 2245 et
1000 2184 1074 2244 vita·

138 2280 236 2342 bundi
265 2281 406 2354 inuicem,
429 2280 594 2364 longinqua
615 2296 706 2364 atque
729 2283 797 2343 avia
821 2283 945 2362 petiere.
989 2280 1075 2343 Finis

140 2381 288 2463 sequendi
304 2403 364 2443 nox
378 2395 409 2444 et
423 2383 546 2444 satietas
562 2382 638 2444 fuit:
662 2403 752 2444 caesa
767 2382 900 2444 hostium
915 2382 953 2443 ad
967 2381 1076 2444 decem

139 2481 256 2544 millia:
279 2494 449 2543 nostrorum
465 2483 590 2544 trecenti
607 2485 763 2561 sexaginta
777 2482 935 2545 cecidere:
962 2483 1076 2563 inquis

141 2582 243 2644 Aulus
259 2583 378 2644 Atticus
402 2583 575 2663 praefectus
601 2584 743 2658 cohortis,
768 2584 895 2666 juvenili
920 2583 1024 2645 ardore
1047 2597 1078 2644 et

140 2682 256 2745 ferocia
271 2684 341 2760 equi
357 2681 494 2744 hostibus
510 2682 621 2745 illatus.

184 2779 356 2842 XXXVHI.
379 2783 422 2845 Et
443 2805 504 2845 nox
525 2785 649 2866 quidem
671 2784 783 2866 gaudio
804 2783 976 2866 praedaque
998 2784 1077 2846 laeta

141 2884 331 2944 victoribus:
381 2883 517 2946 Britanni
560 2884 705 2964 palantes,
749 2886 904 2966 mixtoque
945 2887 1076 2948 virorum

142 2982 366 3066 mulierumque
394 2984 523 3063 ploratu,
546 2984 664 3047 trahere
688 2985 871 3061 vulneratos,
895 3008 1002 3049 vocare
1032 2983 1081 3049 inss

142 3097 254 3166 tegros,
270 3084 410 3146 deserere
433 3085 540 3147 domos
563 3106 599 3146 ac
620 3107 674 3165 per
696 3088 770 3147 imru
793 3086 871 3148 ultro
892 3088 1074 3150 incendere:

143 3185 256 3266 eligere
272 3184 401 3246 latebras
417 3199 448 3246 et
463 3187 565 3247 statim
586 3186 775 3268 relinquere:
800 3189 930 3249 miscere
945 3189 1076 3250 invicem

142 3284 270 3371 consilia
297 3285 407 3366 aliqua,
436 3285 507 3347 dein
537 3307 697 3365 separare:
721 3287 882 3367 aliquando
910 3285 1007 3369 frangi
1029 3311 1076 3350 as-

141 3398 233 3465 pectu
262 3387 423 3466 pignorum
446 3407 581 3460 suorum,
605 3388 727 3466 saepius
757 3388 918 3448 concitari:
943 3389 1076 3469 satisque

142 3486 309 3558 constabat,
337 3487 472 3547 saevisse
495 3486 644 3567 quosdam
672 3488 703 3548 in
729 3487 875 3569 conjuges
897 3508 934 3548 ac
956 3488 1076 3561 liberos,

142 3600 286 3666 tanquam
315 3587 539 3648 misererentur.
592 3586 754 3649 Proximus
784 3588 850 3649 dics
876 3588 987 3649 faciem
1015 3589 1077 3647 vic-

143 3687 237 3748 toriae
252 3684 342 3746 latins
364 3689 500 3765 aperuit:
523 3700 644 3749 vastum
659 3689 772 3770 ubique
789 3688 952 3758 silentium,
970 3686 1078 3746 secreti

143 3784 249 3861 colles,
278 3783 426 3849 fumantia
461 3786 568 3867 procul
596 3798 685 3863 tecta,
716 3808 806 3850 nemo
842 3781 1079 3865 exploratoribus
