<?xml version="1.0" encoding="UTF-8"?>
<!DOCTYPE html PUBLIC "-//W3C//DTD XHTML 1.0 Transitional//EN"
    "http://www.w3.org/TR/xhtml1/DTD/xhtml1-transitional.dtd">
<html xmlns="http://www.w3.org/1999/xhtml" xml:lang="en" lang="en">
 <head>
  <title>
</title>
<meta http-equiv="Content-Type" content="text/html;charset=utf-8" />
  <meta name='ocr-system' content='tesseract 3.04.00' />
  <meta name='ocr-capabilities' content='ocr_page ocr_carea ocr_par ocr_line ocrx_word'/>
</head>
<body>
  <div class='ocr_page' id='page_1' title='image "./germaniaandagri00tacigoog/germaniaandagri00tacigoog_0089.png"; bbox 0 0 2424 4388; ppageno 0'>
   <div class='ocr_carea' id='block_1_1' title="bbox 134 425 741 491">
    <p class='ocr_par' dir='ltr' id='par_1_1' title="bbox 134 425 741 491">
     <span class='ocr_line' id='line_1_1' title="bbox 134 425 741 491; baseline -0.007 -5"><span class='ocrx_word' id='word_1_1' title='bbox 134 425 176 486; x_wconf 77' lang='grc'>’10</span> <span class='ocrx_word' id='word_1_2' title='bbox 459 441 489 483; x_wconf 91' lang='lat' dir='ltr'>c.</span> <span class='ocrx_word' id='word_1_3' title='bbox 513 441 609 483; x_wconf 78' lang='lat' dir='ltr'>conr.</span> <span class='ocrx_word' id='word_1_4' title='bbox 631 439 741 491; x_wconf 75' lang='lat' dir='ltr'>rscrrr</span> 
     </span>
    </p>
   </div>
   <div class='ocr_carea' id='block_1_2' title="bbox 134 587 1078 3886">
    <p class='ocr_par' dir='ltr' id='par_1_2' title="bbox 134 587 1076 1754">
     <span class='ocr_line' id='line_1_2' title="bbox 135 587 1070 671; baseline -0.002 -19"><span class='ocrx_word' id='word_1_5' title='bbox 135 588 191 652; x_wconf 87' lang='lat' dir='ltr'>sed</span> <span class='ocrx_word' id='word_1_6' title='bbox 213 588 251 651; x_wconf 91' lang='lat' dir='ltr'>de</span> <span class='ocrx_word' id='word_1_7' title='bbox 274 589 407 651; x_wconf 89' lang='lat' dir='ltr'>hibernis</span> <span class='ocrx_word' id='word_1_8' title='bbox 433 588 588 671; x_wconf 89' lang='lat' dir='ltr'>legionum</span> <span class='ocrx_word' id='word_1_9' title='bbox 614 600 645 649; x_wconf 89' lang='lat' dir='ltr'>et</span> <span class='ocrx_word' id='word_1_10' title='bbox 669 588 866 668; x_wconf 81' lang='lat' dir='ltr'>possessione</span> <span class='ocrx_word' id='word_1_11' title='bbox 890 587 1070 651; x_wconf 83' lang='lat' dir='ltr'><strong>dubitatum.</strong></span> 
     </span>
     <span class='ocr_line' id='line_1_3' title="bbox 136 688 1072 770; baseline -0.001 -19"><span class='ocrx_word' id='word_1_12' title='bbox 136 689 192 764; x_wconf 90' lang='lat' dir='ltr'>Ita,</span> <span class='ocrx_word' id='word_1_13' title='bbox 213 710 285 751; x_wconf 91' lang='lat' dir='ltr'>cum</span> <span class='ocrx_word' id='word_1_14' title='bbox 307 689 418 750; x_wconf 91' lang='lat' dir='ltr'>damna</span> <span class='ocrx_word' id='word_1_15' title='bbox 439 688 558 751; x_wconf 87' lang='lat' dir='ltr'>damnis</span> <span class='ocrx_word' id='word_1_16' title='bbox 580 690 827 751; x_wconf 80' lang='lat' dir='ltr'>continuarentur</span> <span class='ocrx_word' id='word_1_17' title='bbox 856 701 949 770; x_wconf 90' lang='lat' dir='ltr'>atque</span> <span class='ocrx_word' id='word_1_18' title='bbox 975 690 1072 751; x_wconf 91' lang='lat' dir='ltr'>omnis</span> 
     </span>
     <span class='ocr_line' id='line_1_4' title="bbox 134 788 1073 869; baseline 0 -18"><span class='ocrx_word' id='word_1_19' title='bbox 134 811 233 852; x_wconf 85' lang='lat' dir='ltr'>annus</span> <span class='ocrx_word' id='word_1_20' title='bbox 255 789 414 851; x_wconf 84' lang='lat' dir='ltr'>funeribus</span> <span class='ocrx_word' id='word_1_21' title='bbox 436 801 466 850; x_wconf 92' lang='lat' dir='ltr'>et</span> <span class='ocrx_word' id='word_1_22' title='bbox 487 788 626 850; x_wconf 86' lang='lat' dir='ltr'>cladibus</span> <span class='ocrx_word' id='word_1_23' title='bbox 655 789 860 869; x_wconf 79' lang='lat' dir='ltr'>insigniretur,</span> <span class='ocrx_word' id='word_1_24' title='bbox 891 790 1073 868; x_wconf 79' lang='lat' dir='ltr'>poscebatur</span> 
     </span>
     <span class='ocr_line' id='line_1_5' title="bbox 135 887 1072 972; baseline 0 -21"><span class='ocrx_word' id='word_1_25' title='bbox 135 910 186 952; x_wconf 91' lang='lat' dir='ltr'>ore</span> <span class='ocrx_word' id='word_1_26' title='bbox 201 889 284 972; x_wconf 93' lang='lat' dir='ltr'>vulgi</span> <span class='ocrx_word' id='word_1_27' title='bbox 307 889 370 951; x_wconf 84' lang='lat' dir='ltr'>dux</span> <span class='ocrx_word' id='word_1_28' title='bbox 392 887 554 971; x_wconf 88' lang='lat' dir='ltr'>Agricola:</span> <span class='ocrx_word' id='word_1_29' title='bbox 578 889 824 971; x_wconf 79' lang='lat' dir='ltr'>comparantibus</span> <span class='ocrx_word' id='word_1_30' title='bbox 847 891 968 951; x_wconf 90' lang='lat' dir='ltr'>cunctis</span> <span class='ocrx_word' id='word_1_31' title='bbox 991 891 1072 971; x_wconf 86' lang='lat' dir='ltr'>vigo-</span> 
     </span>
     <span class='ocr_line' id='line_1_6' title="bbox 134 988 1073 1068; baseline 0 -16"><span class='ocrx_word' id='word_1_32' title='bbox 134 1011 210 1064; x_wconf 86' lang='lat' dir='ltr'>rem,</span> <span class='ocrx_word' id='word_1_33' title='bbox 240 990 500 1051; x_wconf 73' lang='lat' dir='ltr'>constantiana</span> <span class='ocrx_word' id='word_1_34' title='bbox 528 1002 687 1068; x_wconf 88' lang='lat' dir='ltr'>expertum</span> <span class='ocrx_word' id='word_1_35' title='bbox 715 988 804 1050; x_wconf 91' lang='lat' dir='ltr'>bellis</span> <span class='ocrx_word' id='word_1_36' title='bbox 834 991 974 1052; x_wconf 89' lang='lat' dir='ltr'>animum</span> <span class='ocrx_word' id='word_1_37' title='bbox 1002 1011 1073 1052; x_wconf 90' lang='lat' dir='ltr'>cum</span> 
     </span>
     <span class='ocr_line' id='line_1_7' title="bbox 135 1088 1073 1162; baseline 0 -10"><span class='ocrx_word' id='word_1_38' title='bbox 135 1091 242 1152; x_wconf 92' lang='lat' dir='ltr'>inertia</span> <span class='ocrx_word' id='word_1_39' title='bbox 268 1102 298 1152; x_wconf 89' lang='lat' dir='ltr'>et</span> <span class='ocrx_word' id='word_1_40' title='bbox 320 1089 481 1151; x_wconf 85' lang='lat' dir='ltr'>formidine</span> <span class='ocrx_word' id='word_1_41' title='bbox 507 1103 687 1150; x_wconf 90' lang='lat' dir='ltr'>ceterorum.</span> <span class='ocrx_word' id='word_1_42' title='bbox 732 1088 856 1162; x_wconf 84' lang='lat' dir='ltr'>Quibus</span> <span class='ocrx_word' id='word_1_43' title='bbox 880 1091 1073 1152; x_wconf 90' lang='lat' dir='ltr'>sermonibus</span> 
     </span>
     <span class='ocr_line' id='line_1_8' title="bbox 136 1187 1074 1271; baseline -0.001 -18"><span class='ocrx_word' id='word_1_44' title='bbox 136 1191 209 1253; x_wconf 88' lang='lat' dir='ltr'>satis</span> <span class='ocrx_word' id='word_1_45' title='bbox 224 1202 342 1252; x_wconf 88' lang='lat' dir='ltr'>constat</span> <span class='ocrx_word' id='word_1_46' title='bbox 361 1187 527 1250; x_wconf 88' lang='lat' dir='ltr'>Domitiani</span> <span class='ocrx_word' id='word_1_47' title='bbox 550 1210 671 1271; x_wconf 87' lang='lat' dir='ltr'>quoque</span> <span class='ocrx_word' id='word_1_48' title='bbox 694 1210 784 1250; x_wconf 91' lang='lat' dir='ltr'>aures</span> <span class='ocrx_word' id='word_1_49' title='bbox 800 1189 984 1264; x_wconf 89' lang='lat' dir='ltr'>verberatas,</span> <span class='ocrx_word' id='word_1_50' title='bbox 1001 1190 1074 1252; x_wconf 92' lang='lat' dir='ltr'>dum</span> 
     </span>
     <span class='ocr_line' id='line_1_9' title="bbox 135 1289 1075 1372; baseline -0.001 -19"><span class='ocrx_word' id='word_1_51' title='bbox 135 1293 268 1371; x_wconf 92' lang='lat' dir='ltr'>optimus</span> <span class='ocrx_word' id='word_1_52' title='bbox 297 1291 427 1372; x_wconf 91' lang='lat' dir='ltr'>quisque</span> <span class='ocrx_word' id='word_1_53' title='bbox 455 1289 640 1351; x_wconf 91' lang='lat' dir='ltr'>libertorum</span> <span class='ocrx_word' id='word_1_54' title='bbox 660 1310 763 1350; x_wconf 91' lang='lat' dir='ltr'>amore</span> <span class='ocrx_word' id='word_1_55' title='bbox 793 1301 824 1351; x_wconf 91' lang='lat' dir='ltr'>et</span> <span class='ocrx_word' id='word_1_56' title='bbox 851 1289 923 1365; x_wconf 89' lang='lat' dir='ltr'>fide,</span> <span class='ocrx_word' id='word_1_57' title='bbox 946 1291 1075 1370; x_wconf 87' lang='lat' dir='ltr'>pessimi</span> 
     </span>
     <span class='ocr_line' id='line_1_10' title="bbox 135 1389 1075 1475; baseline -0.002 -20"><span class='ocrx_word' id='word_1_58' title='bbox 135 1393 321 1475; x_wconf 77' lang='lat' dir='ltr'>malignitate</span> <span class='ocrx_word' id='word_1_59' title='bbox 347 1405 378 1452; x_wconf 90' lang='lat' dir='ltr'>et</span> <span class='ocrx_word' id='word_1_60' title='bbox 402 1389 506 1464; x_wconf 89' lang='lat' dir='ltr'>livore,</span> <span class='ocrx_word' id='word_1_61' title='bbox 529 1411 658 1468; x_wconf 90' lang='lat' dir='ltr'>pronum</span> <span class='ocrx_word' id='word_1_62' title='bbox 679 1390 880 1452; x_wconf 88' lang='lat' dir='ltr'>deterioribus</span> <span class='ocrx_word' id='word_1_63' title='bbox 905 1392 1075 1471; x_wconf 90' lang='lat' dir='ltr'>principem</span> 
     </span>
     <span class='ocr_line' id='line_1_11' title="bbox 136 1489 1073 1573; baseline -0.001 -18"><span class='ocrx_word' id='word_1_64' title='bbox 136 1493 379 1555; x_wconf 85' lang='lat' dir='ltr'>exstimulabant.</span> <span class='ocrx_word' id='word_1_65' title='bbox 425 1489 479 1552; x_wconf 89' lang='lat' dir='ltr'>Sic</span> <span class='ocrx_word' id='word_1_66' title='bbox 507 1490 652 1573; x_wconf 85' lang='lat' dir='ltr'>Agricola</span> <span class='ocrx_word' id='word_1_67' title='bbox 686 1491 777 1553; x_wconf 88' lang='lat' dir='ltr'>simul</span> <span class='ocrx_word' id='word_1_68' title='bbox 806 1492 871 1554; x_wconf 93' lang='lat' dir='ltr'>suis</span> <span class='ocrx_word' id='word_1_69' title='bbox 901 1492 1073 1567; x_wconf 84' lang='lat' dir='ltr'>virtutibus,</span> 
     </span>
     <span class='ocr_line' id='line_1_12' title="bbox 137 1589 1076 1674; baseline -0.001 -20"><span class='ocrx_word' id='word_1_70' title='bbox 137 1592 228 1654; x_wconf 90' lang='lat' dir='ltr'>simul</span> <span class='ocrx_word' id='word_1_71' title='bbox 251 1593 332 1653; x_wconf 91' lang='lat' dir='ltr'>vitiis</span> <span class='ocrx_word' id='word_1_72' title='bbox 354 1591 492 1664; x_wconf 90' lang='lat' dir='ltr'>aliorum,</span> <span class='ocrx_word' id='word_1_73' title='bbox 509 1590 541 1651; x_wconf 92' lang='lat' dir='ltr'>in</span> <span class='ocrx_word' id='word_1_74' title='bbox 562 1591 660 1669; x_wconf 90' lang='lat' dir='ltr'>ipsam</span> <span class='ocrx_word' id='word_1_75' title='bbox 682 1589 811 1672; x_wconf 84' lang='lat' dir='ltr'>gloriam</span> <span class='ocrx_word' id='word_1_76' title='bbox 832 1612 981 1673; x_wconf 88' lang='lat' dir='ltr'>praeceps</span> <span class='ocrx_word' id='word_1_77' title='bbox 1004 1612 1076 1674; x_wconf 86' lang='lat' dir='ltr'>age·</span> 
     </span>
     <span class='ocr_line' id='line_1_13' title="bbox 135 1693 233 1754; baseline -0.01 -1"><span class='ocrx_word' id='word_1_78' title='bbox 135 1693 233 1754; x_wconf 91' lang='lat' dir='ltr'>batur.</span> 
     </span>
    </p>

    <p class='ocr_par' dir='ltr' id='par_1_3' title="bbox 137 1788 1078 3886">
     <span class='ocr_line' id='line_1_14' title="bbox 177 1788 1077 1874; baseline 0.008 -25"><span class='ocrx_word' id='word_1_79' title='bbox 177 1788 272 1851; x_wconf 88' lang='lat' dir='ltr'><strong>XLII.</strong></span> <span class='ocrx_word' id='word_1_80' title='bbox 316 1792 431 1853; x_wconf 86' lang='lat' dir='ltr'>Aderat</span> <span class='ocrx_word' id='word_1_81' title='bbox 468 1791 533 1874; x_wconf 86' lang='lat' dir='ltr'>jam</span> <span class='ocrx_word' id='word_1_82' title='bbox 577 1813 686 1866; x_wconf 89' lang='lat' dir='ltr'>annus,</span> <span class='ocrx_word' id='word_1_83' title='bbox 729 1813 790 1873; x_wconf 93' lang='lat' dir='ltr'>quo</span> <span class='ocrx_word' id='word_1_84' title='bbox 825 1793 1077 1872; x_wconf 91' lang='lat' dir='ltr'>proconsulatum</span> 
     </span>
     <span class='ocr_line' id='line_1_15' title="bbox 138 1891 1076 1977; baseline 0.002 -23"><span class='ocrx_word' id='word_1_85' title='bbox 138 1893 231 1954; x_wconf 88' lang='lat' dir='ltr'>Asiae</span> <span class='ocrx_word' id='word_1_86' title='bbox 254 1906 284 1954; x_wconf 90' lang='lat' dir='ltr'>et</span> <span class='ocrx_word' id='word_1_87' title='bbox 306 1891 429 1952; x_wconf 86' lang='lat' dir='ltr'>Africae</span> <span class='ocrx_word' id='word_1_88' title='bbox 460 1893 624 1967; x_wconf 88' lang='lat' dir='ltr'>sortiretur,</span> <span class='ocrx_word' id='word_1_89' title='bbox 648 1905 679 1954; x_wconf 92' lang='lat' dir='ltr'>et</span> <span class='ocrx_word' id='word_1_90' title='bbox 706 1894 810 1954; x_wconf 89' lang='lat' dir='ltr'>occiso</span> <span class='ocrx_word' id='word_1_91' title='bbox 840 1891 949 1955; x_wconf 89' lang='lat' dir='ltr'>Civica</span> <span class='ocrx_word' id='word_1_92' title='bbox 977 1915 1076 1977; x_wconf 87' lang='lat' dir='ltr'>nuper</span> 
     </span>
     <span class='ocr_line' id='line_1_16' title="bbox 137 1982 1077 2074; baseline 0.003 -21"><span class='ocrx_word' id='word_1_93' title='bbox 137 1982 194 2054; x_wconf 86' lang='lat' dir='ltr'>nec</span> <span class='ocrx_word' id='word_1_94' title='bbox 209 1990 370 2074; x_wconf 87' lang='lat' dir='ltr'>Agricolae</span> <span class='ocrx_word' id='word_1_95' title='bbox 393 1992 553 2054; x_wconf 90' lang='lat' dir='ltr'>consilium</span> <span class='ocrx_word' id='word_1_96' title='bbox 570 1994 683 2067; x_wconf 89' lang='lat' dir='ltr'>deerat,</span> <span class='ocrx_word' id='word_1_97' title='bbox 700 2014 757 2055; x_wconf 92' lang='lat' dir='ltr'>nec</span> <span class='ocrx_word' id='word_1_98' title='bbox 773 1992 950 2056; x_wconf 90' lang='lat' dir='ltr'>Domitiano</span> <span class='ocrx_word' id='word_1_99' title='bbox 973 2016 1077 2056; x_wconf 85' lang='lat' dir='ltr'>exem-</span> 
     </span>
     <span class='ocr_line' id='line_1_17' title="bbox 137 2094 1077 2176; baseline 0.003 -21"><span class='ocrx_word' id='word_1_100' title='bbox 137 2094 233 2173; x_wconf 93' lang='lat' dir='ltr'>plum.</span> <span class='ocrx_word' id='word_1_101' title='bbox 291 2095 461 2155; x_wconf 88' lang='lat' dir='ltr'>Accessere</span> <span class='ocrx_word' id='word_1_102' title='bbox 501 2094 626 2175; x_wconf 91' lang='lat' dir='ltr'>quidam</span> <span class='ocrx_word' id='word_1_103' title='bbox 668 2096 887 2176; x_wconf 83' lang='lat' dir='ltr'>cogitationum</span> <span class='ocrx_word' id='word_1_104' title='bbox 929 2097 1077 2176; x_wconf 90' lang='lat' dir='ltr'>principis</span> 
     </span>
     <span class='ocr_line' id='line_1_18' title="bbox 138 2196 1077 2280; baseline 0.002 -23"><span class='ocrx_word' id='word_1_105' title='bbox 138 2197 236 2279; x_wconf 90' lang='lat' dir='ltr'>periti,</span> <span class='ocrx_word' id='word_1_106' title='bbox 260 2197 322 2278; x_wconf 90' lang='lat' dir='ltr'>qui,</span> <span class='ocrx_word' id='word_1_107' title='bbox 346 2196 482 2257; x_wconf 88' lang='lat' dir='ltr'>iturusne</span> <span class='ocrx_word' id='word_1_108' title='bbox 510 2208 592 2257; x_wconf 85' lang='lat' dir='ltr'>esset</span> <span class='ocrx_word' id='word_1_109' title='bbox 614 2197 644 2258; x_wconf 93' lang='lat' dir='ltr'>in</span> <span class='ocrx_word' id='word_1_110' title='bbox 666 2197 862 2276; x_wconf 86' lang='lat' dir='ltr'>provinciam,</span> <span class='ocrx_word' id='word_1_111' title='bbox 885 2196 965 2259; x_wconf 91' lang='lat' dir='ltr'>ultra</span> <span class='ocrx_word' id='word_1_112' title='bbox 987 2197 1077 2280; x_wconf 89' lang='lat' dir='ltr'>Agri·</span> 
     </span>
     <span class='ocr_line' id='line_1_19' title="bbox 138 2296 1077 2379; baseline 0.002 -21"><span class='ocrx_word' id='word_1_113' title='bbox 138 2298 240 2359; x_wconf 92' lang='lat' dir='ltr'>colum</span> <span class='ocrx_word' id='word_1_114' title='bbox 262 2297 496 2377; x_wconf 90' lang='lat' dir='ltr'>interrogarent:</span> <span class='ocrx_word' id='word_1_115' title='bbox 521 2317 557 2357; x_wconf 92' lang='lat' dir='ltr'>ac</span> <span class='ocrx_word' id='word_1_116' title='bbox 579 2298 678 2379; x_wconf 92' lang='lat' dir='ltr'>primo</span> <span class='ocrx_word' id='word_1_117' title='bbox 706 2296 857 2358; x_wconf 88' lang='lat' dir='ltr'>occultius</span> <span class='ocrx_word' id='word_1_118' title='bbox 880 2298 1017 2378; x_wconf 87' lang='lat' dir='ltr'>quietern</span> <span class='ocrx_word' id='word_1_119' title='bbox 1045 2309 1077 2360; x_wconf 88' lang='lat' dir='ltr'>et</span> 
     </span>
     <span class='ocr_line' id='line_1_20' title="bbox 139 2395 1077 2480; baseline 0.001 -22"><span class='ocrx_word' id='word_1_120' title='bbox 139 2398 233 2458; x_wconf 90' lang='lat' dir='ltr'>otium</span> <span class='ocrx_word' id='word_1_121' title='bbox 269 2395 403 2467; x_wconf 89' lang='lat' dir='ltr'>laudare,</span> <span class='ocrx_word' id='word_1_122' title='bbox 434 2416 505 2456; x_wconf 83' lang='lat' dir='ltr'>mox</span> <span class='ocrx_word' id='word_1_123' title='bbox 541 2416 665 2478; x_wconf 89' lang='lat' dir='ltr'>operam</span> <span class='ocrx_word' id='word_1_124' title='bbox 701 2416 788 2457; x_wconf 90' lang='lat' dir='ltr'>suam</span> <span class='ocrx_word' id='word_1_125' title='bbox 818 2397 849 2457; x_wconf 91' lang='lat' dir='ltr'>in</span> <span class='ocrx_word' id='word_1_126' title='bbox 881 2396 1077 2480; x_wconf 89' lang='lat' dir='ltr'>approbanda</span> 
     </span>
     <span class='ocr_line' id='line_1_21' title="bbox 138 2495 1074 2580; baseline 0.002 -22"><span class='ocrx_word' id='word_1_127' title='bbox 138 2497 333 2558; x_wconf 89' lang='lat' dir='ltr'>excusatione</span> <span class='ocrx_word' id='word_1_128' title='bbox 360 2495 486 2557; x_wconf 86' lang='lat' dir='ltr'>offerre:</span> <span class='ocrx_word' id='word_1_129' title='bbox 510 2508 664 2575; x_wconf 87' lang='lat' dir='ltr'>postremo</span> <span class='ocrx_word' id='word_1_130' title='bbox 689 2518 749 2558; x_wconf 93' lang='lat' dir='ltr'>non</span> <span class='ocrx_word' id='word_1_131' title='bbox 771 2496 834 2580; x_wconf 86' lang='lat' dir='ltr'>jam</span> <span class='ocrx_word' id='word_1_132' title='bbox 856 2497 988 2574; x_wconf 89' lang='lat' dir='ltr'>obscuri,</span> <span class='ocrx_word' id='word_1_133' title='bbox 1006 2520 1074 2560; x_wconf 85' lang='lat' dir='ltr'>sua-</span> 
     </span>
     <span class='ocr_line' id='line_1_22' title="bbox 138 2597 1075 2678; baseline 0.001 -18"><span class='ocrx_word' id='word_1_134' title='bbox 138 2599 244 2660; x_wconf 88' lang='lat' dir='ltr'>dentes</span> <span class='ocrx_word' id='word_1_135' title='bbox 261 2597 352 2658; x_wconf 92' lang='lat' dir='ltr'>simul</span> <span class='ocrx_word' id='word_1_136' title='bbox 373 2608 587 2678; x_wconf 89' lang='lat' dir='ltr'>terrentesque,</span> <span class='ocrx_word' id='word_1_137' title='bbox 604 2611 775 2677; x_wconf 84' lang='lat' dir='ltr'>pertraxere</span> <span class='ocrx_word' id='word_1_138' title='bbox 790 2598 829 2661; x_wconf 92' lang='lat' dir='ltr'>ad</span> <span class='ocrx_word' id='word_1_139' title='bbox 843 2597 1075 2676; x_wconf 90' lang='lat' dir='ltr'>Domitianum;</span> 
     </span>
     <span class='ocr_line' id='line_1_23' title="bbox 138 2697 1075 2783; baseline 0.002 -22"><span class='ocrx_word' id='word_1_140' title='bbox 138 2700 188 2781; x_wconf 89' lang='lat' dir='ltr'>qui</span> <span class='ocrx_word' id='word_1_141' title='bbox 220 2712 343 2783; x_wconf 90' lang='lat' dir='ltr'>paratus</span> <span class='ocrx_word' id='word_1_142' title='bbox 366 2697 568 2772; x_wconf 88' lang='lat' dir='ltr'>simulatione,</span> <span class='ocrx_word' id='word_1_143' title='bbox 593 2699 623 2760; x_wconf 94' lang='lat' dir='ltr'>in</span> <span class='ocrx_word' id='word_1_144' title='bbox 645 2700 846 2782; x_wconf 88' lang='lat' dir='ltr'>arrogantiam</span> <span class='ocrx_word' id='word_1_145' title='bbox 875 2703 1075 2781; x_wconf 88' lang='lat' dir='ltr'>compositus,</span> 
     </span>
     <span class='ocr_line' id='line_1_24' title="bbox 139 2800 1076 2884; baseline 0.003 -24"><span class='ocrx_word' id='word_1_146' title='bbox 139 2816 169 2862; x_wconf 85' lang='lat' dir='ltr'>et</span> <span class='ocrx_word' id='word_1_147' title='bbox 198 2800 292 2861; x_wconf 92' lang='lat' dir='ltr'>audiit</span> <span class='ocrx_word' id='word_1_148' title='bbox 320 2821 427 2879; x_wconf 90' lang='lat' dir='ltr'>preces</span> <span class='ocrx_word' id='word_1_149' title='bbox 457 2801 641 2873; x_wconf 86' lang='lat' dir='ltr'>excusantis,</span> <span class='ocrx_word' id='word_1_150' title='bbox 665 2812 704 2874; x_wconf 92' lang='lat' dir='ltr'>et,</span> <span class='ocrx_word' id='word_1_151' title='bbox 736 2821 806 2862; x_wconf 92' lang='lat' dir='ltr'>curn</span> <span class='ocrx_word' id='word_1_152' title='bbox 836 2802 1002 2876; x_wconf 89' lang='lat' dir='ltr'>annuisset,</span> <span class='ocrx_word' id='word_1_153' title='bbox 1026 2803 1076 2884; x_wconf 89' lang='lat' dir='ltr'>agi</span> 
     </span>
     <span class='ocr_line' id='line_1_25' title="bbox 139 2901 1075 2984; baseline 0.004 -22"><span class='ocrx_word' id='word_1_154' title='bbox 139 2902 195 2963; x_wconf 86' lang='lat' dir='ltr'>sibi</span> <span class='ocrx_word' id='word_1_155' title='bbox 211 2902 323 2983; x_wconf 87' lang='lat' dir='ltr'>gratias</span> <span class='ocrx_word' id='word_1_156' title='bbox 345 2920 457 2984; x_wconf 89' lang='lat' dir='ltr'>passus</span> <span class='ocrx_word' id='word_1_157' title='bbox 480 2914 547 2962; x_wconf 90' lang='lat' dir='ltr'>est:</span> <span class='ocrx_word' id='word_1_158' title='bbox 572 2922 629 2962; x_wconf 90' lang='lat' dir='ltr'>nee</span> <span class='ocrx_word' id='word_1_159' title='bbox 651 2901 773 2964; x_wconf 93' lang='lat' dir='ltr'>erubuit</span> <span class='ocrx_word' id='word_1_160' title='bbox 795 2903 935 2964; x_wconf 87' lang='lat' dir='ltr'>beneficii</span> <span class='ocrx_word' id='word_1_161' title='bbox 952 2904 1075 2966; x_wconf 82' lang='lat' dir='ltr'>invidia.</span> 
     </span>
     <span class='ocr_line' id='line_1_26' title="bbox 140 3001 1077 3086; baseline 0.005 -25"><span class='ocrx_word' id='word_1_162' title='bbox 140 3001 291 3062; x_wconf 85' lang='lat' dir='ltr'>Salarium</span> <span class='ocrx_word' id='word_1_163' title='bbox 313 3013 426 3072; x_wconf 89' lang='lat' dir='ltr'>tamen,</span> <span class='ocrx_word' id='word_1_164' title='bbox 449 3001 654 3080; x_wconf 86' lang='lat' dir='ltr'>proconsulari</span> <span class='ocrx_word' id='word_1_165' title='bbox 685 3003 807 3064; x_wconf 87' lang='lat' dir='ltr'>solitum</span> <span class='ocrx_word' id='word_1_166' title='bbox 834 3002 935 3064; x_wconf 85' lang='lat' dir='ltr'>offerri</span> <span class='ocrx_word' id='word_1_167' title='bbox 957 3016 988 3065; x_wconf 89' lang='lat' dir='ltr'>et</span> <span class='ocrx_word' id='word_1_168' title='bbox 1009 3005 1077 3086; x_wconf 90' lang='lat' dir='ltr'>qui·</span> 
     </span>
     <span class='ocr_line' id='line_1_27' title="bbox 139 3100 1074 3186; baseline 0.006 -26"><span class='ocrx_word' id='word_1_169' title='bbox 139 3100 268 3161; x_wconf 90' lang='lat' dir='ltr'>busdam</span> <span class='ocrx_word' id='word_1_170' title='bbox 298 3121 315 3160; x_wconf 93' lang='lat' dir='ltr'>a</span> <span class='ocrx_word' id='word_1_171' title='bbox 344 3121 377 3160; x_wconf 90' lang='lat' dir='ltr'>se</span> <span class='ocrx_word' id='word_1_172' title='bbox 400 3101 467 3179; x_wconf 88' lang='lat' dir='ltr'>ipso</span> <span class='ocrx_word' id='word_1_173' title='bbox 489 3122 681 3177; x_wconf 90' lang='lat' dir='ltr'>concessum,</span> <span class='ocrx_word' id='word_1_174' title='bbox 705 3103 866 3186; x_wconf 87' lang='lat' dir='ltr'>Agricolae</span> <span class='ocrx_word' id='word_1_175' title='bbox 889 3125 948 3165; x_wconf 93' lang='lat' dir='ltr'>non</span> <span class='ocrx_word' id='word_1_176' title='bbox 971 3104 1074 3167; x_wconf 87' lang='lat' dir='ltr'>dedit:</span> 
     </span>
     <span class='ocr_line' id='line_1_28' title="bbox 140 3199 1075 3280; baseline 0.007 -20"><span class='ocrx_word' id='word_1_177' title='bbox 140 3202 203 3262; x_wconf 91' lang='lat' dir='ltr'>sive</span> <span class='ocrx_word' id='word_1_178' title='bbox 233 3199 369 3260; x_wconf 87' lang='lat' dir='ltr'>offensus</span> <span class='ocrx_word' id='word_1_179' title='bbox 398 3221 457 3260; x_wconf 91' lang='lat' dir='ltr'>non</span> <span class='ocrx_word' id='word_1_180' title='bbox 485 3203 624 3280; x_wconf 89' lang='lat' dir='ltr'>petitum,</span> <span class='ocrx_word' id='word_1_181' title='bbox 649 3204 713 3264; x_wconf 88' lang='lat' dir='ltr'>sive</span> <span class='ocrx_word' id='word_1_182' title='bbox 743 3224 781 3264; x_wconf 85' lang='lat' dir='ltr'>err</span> <span class='ocrx_word' id='word_1_183' title='bbox 806 3205 1002 3279; x_wconf 88' lang='lat' dir='ltr'>conscientia,</span> <span class='ocrx_word' id='word_1_184' title='bbox 1026 3225 1075 3278; x_wconf 89' lang='lat' dir='ltr'>ne,</span> 
     </span>
     <span class='ocr_line' id='line_1_29' title="bbox 139 3300 1076 3383; baseline 0.006 -23"><span class='ocrx_word' id='word_1_185' title='bbox 139 3300 220 3382; x_wconf 91' lang='lat' dir='ltr'>quod</span> <span class='ocrx_word' id='word_1_186' title='bbox 242 3311 388 3372; x_wconf 89' lang='lat' dir='ltr'>vetuerat,</span> <span class='ocrx_word' id='word_1_187' title='bbox 412 3300 565 3363; x_wconf 88' lang='lat' dir='ltr'>videretur</span> <span class='ocrx_word' id='word_1_188' title='bbox 594 3303 717 3365; x_wconf 88' lang='lat' dir='ltr'>emisse.</span> <span class='ocrx_word' id='word_1_189' title='bbox 761 3303 921 3383; x_wconf 86' lang='lat' dir='ltr'>Proprium</span> <span class='ocrx_word' id='word_1_190' title='bbox 952 3304 1076 3366; x_wconf 91' lang='lat' dir='ltr'>humani</span> 
     </span>
     <span class='ocr_line' id='line_1_30' title="bbox 140 3401 1078 3483; baseline 0.004 -20"><span class='ocrx_word' id='word_1_191' title='bbox 140 3402 252 3482; x_wconf 88' lang='lat' dir='ltr'>ingenii</span> <span class='ocrx_word' id='word_1_192' title='bbox 282 3413 338 3470; x_wconf 86' lang='lat' dir='ltr'>est,</span> <span class='ocrx_word' id='word_1_193' title='bbox 369 3401 470 3462; x_wconf 88' lang='lat' dir='ltr'>odisse</span> <span class='ocrx_word' id='word_1_194' title='bbox 500 3423 593 3483; x_wconf 90' lang='lat' dir='ltr'>quem</span> <span class='ocrx_word' id='word_1_195' title='bbox 621 3403 771 3465; x_wconf 89' lang='lat' dir='ltr'>laeseris:</span> <span class='ocrx_word' id='word_1_196' title='bbox 809 3402 975 3467; x_wconf 88' lang='lat' dir='ltr'>Domitiani</span> <span class='ocrx_word' id='word_1_197' title='bbox 1004 3427 1078 3468; x_wconf 79' lang='lat' dir='ltr'>vero</span> 
     </span>
     <span class='ocr_line' id='line_1_31' title="bbox 140 3502 1077 3585; baseline 0.009 -24"><span class='ocrx_word' id='word_1_198' title='bbox 140 3515 246 3562; x_wconf 88' lang='lat' dir='ltr'>natura</span> <span class='ocrx_word' id='word_1_199' title='bbox 266 3522 413 3581; x_wconf 89' lang='lat' dir='ltr'>praeceps</span> <span class='ocrx_word' id='word_1_200' title='bbox 436 3502 467 3562; x_wconf 93' lang='lat' dir='ltr'>in</span> <span class='ocrx_word' id='word_1_201' title='bbox 488 3503 573 3577; x_wconf 89' lang='lat' dir='ltr'>iram,</span> <span class='ocrx_word' id='word_1_202' title='bbox 591 3510 622 3565; x_wconf 85' lang='lat' dir='ltr'>&#39;et</span> <span class='ocrx_word' id='word_1_203' title='bbox 636 3524 697 3585; x_wconf 95' lang='lat' dir='ltr'>quo</span> <span class='ocrx_word' id='word_1_204' title='bbox 720 3504 886 3579; x_wconf 90' lang='lat' dir='ltr'>obscurior,</span> <span class='ocrx_word' id='word_1_205' title='bbox 906 3527 943 3567; x_wconf 92' lang='lat' dir='ltr'>eo</span> <span class='ocrx_word' id='word_1_206' title='bbox 965 3507 1077 3570; x_wconf 83' lang='lat' dir='ltr'>irrevo-</span> 
     </span>
     <span class='ocr_line' id='line_1_32' title="bbox 139 3601 1076 3689; baseline 0.003 -23"><span class='ocrx_word' id='word_1_207' title='bbox 139 3602 273 3676; x_wconf 90' lang='lat' dir='ltr'>cabilior,</span> <span class='ocrx_word' id='word_1_208' title='bbox 302 3601 508 3663; x_wconf 90' lang='lat' dir='ltr'>moderatione</span> <span class='ocrx_word' id='word_1_209' title='bbox 536 3615 638 3665; x_wconf 88' lang='lat' dir='ltr'>tamen</span> <span class='ocrx_word' id='word_1_210' title='bbox 664 3603 885 3687; x_wconf 87' lang='lat' dir='ltr'>prudentiaque</span> <span class='ocrx_word' id='word_1_211' title='bbox 914 3606 1076 3689; x_wconf 85' lang='lat' dir='ltr'>Agricolae</span> 
     </span>
     <span class='ocr_line' id='line_1_33' title="bbox 139 3703 1078 3791; baseline 0.005 -25"><span class='ocrx_word' id='word_1_212' title='bbox 139 3704 328 3767; x_wconf 86' lang='lat' dir='ltr'>leniebatur:</span> <span class='ocrx_word' id='word_1_213' title='bbox 358 3703 513 3784; x_wconf 91' lang='lat' dir='ltr'>quianon</span> <span class='ocrx_word' id='word_1_214' title='bbox 535 3705 726 3767; x_wconf 88' lang='lat' dir='ltr'>contumacia</span> <span class='ocrx_word' id='word_1_215' title='bbox 748 3726 848 3788; x_wconf 89' lang='lat' dir='ltr'>neque</span> <span class='ocrx_word' id='word_1_216' title='bbox 877 3708 957 3768; x_wconf 89' lang='lat' dir='ltr'>inani</span> <span class='ocrx_word' id='word_1_217' title='bbox 982 3708 1078 3791; x_wconf 87' lang='lat' dir='ltr'>jacta·</span> 
     </span>
     <span class='ocr_line' id='line_1_34' title="bbox 139 3802 1076 3886; baseline 0.005 -19"><span class='ocrx_word' id='word_1_218' title='bbox 139 3806 220 3867; x_wconf 86' lang='lat' dir='ltr'>tione</span> <span class='ocrx_word' id='word_1_219' title='bbox 242 3804 390 3867; x_wconf 86' lang='lat' dir='ltr'>libertatis</span> <span class='ocrx_word' id='word_1_220' title='bbox 407 3802 521 3867; x_wconf 84' lang='lat' dir='ltr'>famam</span> <span class='ocrx_word' id='word_1_221' title='bbox 544 3804 701 3886; x_wconf 84' lang='lat' dir='ltr'>fatumque</span> <span class='ocrx_word' id='word_1_222' title='bbox 722 3808 916 3886; x_wconf 85' lang='lat' dir='ltr'>provocabat.</span> <span class='ocrx_word' id='word_1_223' title='bbox 960 3806 1076 3884; x_wconf 83' lang='lat' dir='ltr'>Sciant,</span> 
     </span>
    </p>
   </div>
   <div class='ocr_carea' id='block_1_3' title="bbox 0 0 1221 4388">
    <p class='ocr_par' dir='ltr' id='par_1_4' title="bbox 0 0 1221 4388">
     <span class='ocr_line' id='line_1_35' title="bbox 0 0 1221 4388; baseline 0 0"><span class='ocrx_word' id='word_1_224' title='bbox 0 0 1221 4388; x_wconf 95' lang='lat' dir='ltr'> </span> 
     </span>
    </p>
   </div>
  </div>
 </body>
</html>
