2424 4388
492 450 533 493 nn
557 450 735 498 ornusurs.
1041 436 1083 495 87

139 608 264 661 castum
292 617 412 671 nemus,
434 596 631 678 dicatumque
660 599 691 660 in
720 618 758 659 eo
786 597 973 674 vehiculum,
995 609 1081 662 veste

140 709 340 761 contectum:
374 699 522 780 attingere
550 699 603 760 uni
631 697 782 761 sacerdoti
810 719 1004 761 concessum.
1048 698 1081 763 Is

140 797 253 860 adesse
288 797 434 878 penetrali
462 797 552 860 deam
581 797 731 880 intelligit,
761 813 942 881 vectamque
978 800 1080 863 bubus

140 898 267 960 seminis
295 897 392 961 multa
420 919 494 959 cum
522 899 714 960 veneratione
742 900 946 981 prosequitur.
991 898 1080 963 Laeti

140 1010 214 1061 tunc
250 999 327 1074 dies,
364 997 443 1061 festa
477 997 554 1072 loca,
591 1019 805 1081 quaecumque
842 999 974 1063 adventu
1010 1000 1080 1063 hos-

140 1100 279 1182 pitioque
310 1098 461 1181 dignatur.
519 1097 591 1160 Non
627 1099 707 1160 bella
756 1101 870 1174 ineunt,
900 1121 961 1162 non
996 1121 1080 1163 arma

140 1211 287 1274 sumunt;
311 1199 452 1262 clausum
481 1220 571 1260 omne
594 1199 727 1261 ferrum:
750 1220 811 1279 pax
838 1212 870 1262 et
889 1201 978 1281 quies
1007 1213 1080 1264 tunc

141 1311 260 1362 tantum
274 1312 354 1374 nota,
370 1313 443 1362 tunc
464 1311 582 1362 tantum
602 1313 712 1374 amata,
728 1299 826 1361 donec
841 1300 923 1362 idem
938 1301 1080 1364 sacerdos

141 1400 281 1461 satiatam
296 1401 525 1462 conversatione
544 1399 717 1461 mortalium
732 1400 822 1462 deam
836 1401 951 1480 templo
964 1401 1079 1465 reddat.

141 1498 218 1561 Mox
231 1499 407 1563 vehiculum
432 1512 463 1562 et
483 1513 596 1574 vestes,
613 1512 653 1572 et,
668 1501 694 1562 si
716 1501 840 1562 credere
864 1501 950 1576 velis,
966 1523 1080 1565 numen

140 1600 244 1678 ipsum
266 1611 385 1661 secreto
406 1599 475 1661 lacu
502 1599 644 1662 abluitur.
689 1599 776 1662 Servi
799 1602 978 1676 ministrant,
1002 1623 1079 1684 quos

139 1699 243 1761 statim
259 1699 341 1761 idem
363 1701 450 1773 lacus
473 1699 592 1776 haurit;
616 1722 745 1763 arcanus
768 1701 841 1763 hinc
853 1714 947 1763 terror
962 1717 1079 1766 sancta·

138 1821 200 1882 que
230 1801 409 1883 ignorantia,
439 1801 512 1883 quid
535 1802 575 1863 sit
598 1801 683 1875 illud,
706 1802 789 1883 quod
816 1815 933 1865 tantum
955 1805 1078 1884 perituri

139 1900 253 1963 vident.

181 1998 263 2064 XLI.
287 2000 330 2064 Et
345 2001 421 2064 haec
436 2003 562 2085 quidem
584 2025 654 2087 pars
677 2003 850 2067 Suevorum
865 2006 895 2068 in
916 2007 1079 2068 secretiora

141 2100 326 2166 Germaniae
348 2105 520 2186 porrigitur.
564 2103 702 2189 Propior,
725 2118 759 2168 ut
779 2127 842 2188 quo
869 2107 961 2169 modo
986 2106 1079 2190 paulo

139 2194 209 2265 ante
232 2201 389 2277 Rhenum,
407 2203 452 2265 sic
473 2224 555 2266 nunc
577 2202 755 2266 Danubium
779 2225 898 2286 sequar,
922 2203 1078 2267 Hermun-

138 2301 286 2366 durorum
321 2303 438 2378 civitas,
469 2302 530 2365 fida
565 2303 725 2380 Romanis,
742 2306 746 2312 ’
762 2325 861 2387 eoque
897 2304 970 2367 solis
1000 2303 1078 2366 Ger·

139 2425 301 2467 manorum
336 2425 398 2466 non
425 2404 457 2466 in
492 2406 558 2488 ripa
594 2407 823 2481 commercium,
854 2405 909 2469 sed
944 2407 1077 2489 penitus,

139 2517 231 2587 atque
253 2505 285 2567 in
307 2505 554 2586 splendidissima
576 2505 726 2569 Rhaetiae
754 2507 927 2587 provinciae
949 2505 1078 2568 colonia.

139 2605 264 2669 Passim
292 2618 323 2669 et
352 2607 417 2668 eine
440 2606 567 2669 custode
596 2619 773 2669 transeunt:
805 2618 844 2681 et,
867 2627 939 2668 cum
968 2607 1078 2669 ceteris

139 2708 283 2791 gentibus
304 2729 389 2770 arma
403 2707 494 2770 modo
509 2720 669 2789 castraque
685 2719 787 2769 nostra
808 2706 1015 2781 ostendamus,
1031 2706 1078 2769 bis

138 2807 247 2872 domos
276 2807 426 2890 villasque
455 2808 657 2888 patefecimus
686 2830 748 2871 non
779 2807 1078 2887 concupiscentibus.

140 2908 177 2971 In
206 2909 433 2972 Hermunduris
463 2909 551 2972 Albis
588 2911 692 2985 oritur,
721 2909 836 2972 flumen
873 2908 1011 2972 inclitum
1047 2921 1079 2973 ot

139 3021 246 3074 notum
261 3011 355 3086 olim;
379 3031 461 3073 nunc
475 3023 594 3073 tantum
608 3011 739 3074 auditur.
815 3064 818 3068 ,

135 3171 139 3177 .
181 3106 277 3171 XLII.
300 3111 394 3173 Juxta
408 3111 644 3175 Hermunduros
671 3112 804 3188 Narisci,
820 3134 857 3176 ac
871 3113 980 3176 deinde
997 3112 1080 3175 Mar-

139 3212 282 3275 comanni
297 3225 328 3274 et
343 3210 445 3284 Quadi
461 3225 565 3294 agunt.
606 3212 778 3294 Praecipua
792 3213 1080 3276 Marcomannorum

139 3312 237 3395 gloria
258 3314 411 3394 viresque,
434 3325 525 3396 atque
548 3314 615 3394 ipsa
644 3315 737 3376 etiam
758 3313 859 3390 sedes,
882 3314 981 3394 pulsis
1007 3314 1081 3377 olim

141 3412 237 3488 Boiis,
261 3414 372 3476 virtute
400 3425 495 3494 parta.
539 3413 609 3477 Nec
631 3414 755 3478 Narisci
785 3413 926 3488 Quadive
948 3416 1080 3498 degene-

142 3526 216 3577 rant.
261 3512 371 3596 anue
401 3513 586 3577 Germaniae
614 3517 699 3579 velut
726 3517 809 3579 frons
843 3528 901 3591 est,
930 3528 1081 3598 quatenus

141 3612 287 3677 Danubio
308 3616 485 3698 protegitur.
530 3615 756 3679 Marcomannis
779 3616 960 3697 Quadisque
982 3634 1082 3696 usquo

135 3714 181 3781 ‚ad
208 3727 344 3778 nostram
379 3717 559 3779 memoriam
594 3737 684 3801 reges
719 3726 897 3781 manserunt
924 3735 964 3777 ex
991 3726 1082 3797 gente

133 3816 291 3898 ipsorum,
316 3816 418 3881 nobile
439 3814 623 3882 Marobodui
645 3829 676 3880 et
697 3816 798 3882 Tudri
824 3835 946 3898 genus:
965 3815 1084 3895 jam-et
