2424 4388
522 432 694 475 inuicem.
1041 414 1080 472 'tl

139 579 253 664 quibus
282 581 375 644 moris
405 580 510 643 illicita
538 580 650 654 mirari,
679 600 771 660 posse
794 579 888 641 etiam
913 577 971 640 sub
992 578 1082 640 mulis

138 681 331 765 principibus
359 701 487 763 magnos
515 682 596 743 viros
633 701 725 742 esse:
763 678 1008 761 obsequiumque
1045 699 1081 740 ac

136 780 334 855 modestiam,
362 781 389 843 si
417 780 566 844 industria
593 800 630 842 ac
658 780 746 863 vigor
777 778 886 853 adsint,
917 799 954 840 eo
982 777 1081 840 landis

137 881 299 956 excedere,
326 902 388 964 quo
416 881 553 964 plerique
581 902 637 964 per
658 881 795 961 abrupta,
819 878 875 942 sed
903 880 934 941 in
963 878 1082 959 nullum

135 981 325 1061 reipublicae
341 1002 444 1052 usum,
461 980 623 1044 ambitiosa
637 993 734 1042 morte
749 979 964 1042 inclaruerunt.

179 1077 292 1141 XLlll.
322 1081 409 1144 Finis
437 1082 517 1144 vitae
554 1081 621 1163 ejus
649 1080 738 1143 nobis
774 1079 946 1154 luctuosus,
973 1080 1081 1141 amicis

136 1182 245 1256 tristis,
269 1182 421 1244 extraneis
443 1181 536 1243 etiam
556 1181 731 1263 ignotisque
753 1201 814 1241 non
836 1180 902 1241 sine
924 1199 998 1240 cura
1013 1178 1080 1241 luit.

139 1280 262 1365 Vulgus
290 1303 413 1365 quoque
442 1294 473 1344 et
500 1280 551 1344 hic
579 1280 663 1344 aliud
685 1301 780 1364 agens
802 1279 934 1360 populus
957 1291 987 1341 et
1008 1300 1081 1340 ven-

136 1384 265 1447 titavere
280 1382 318 1445 ad
332 1382 469 1456 domurn,
485 1393 516 1444 et
530 1403 586 1462 per
599 1380 664 1443 sora
679 1395 710 1444 et
724 1380 856 1443 circulos
880 1379 974 1443 locuti
989 1391 1079 1441 sunt:

136 1484 377 1566 necquicquam
397 1482 501 1546 audite
521 1495 618 1546 morte
633 1481 797 1566 Agricolae
820 1493 873 1544 aut
890 1480 1020 1543 laetatus
1035 1493 1082 1542 est

136 1596 192 1648 eut
221 1585 323 1647 statim
350 1582 473 1647 oblitus.
517 1583 661 1666 Augebat
681 1583 911 1645 miserationem
938 1594 1080 1643 constans

136 1707 252 1761 rumor,
282 1706 400 1748 veneno
431 1686 647 1768 interceptum.
702 1682 801 1746 Nobis
830 1682 905 1745 nihil
933 1682 1080 1763 comperti

136 1785 290 1851 affirmare
320 1787 442 1849 attsim:
473 1798 609 1848 ceternm
637 1806 693 1866 per
722 1806 844 1847 omnem
872 1783 1080 1848 valetudinem
1117 1841 1120 1850 .

137 1887 217 1971 ejus,
233 1886 370 1950 crebrius
385 1907 479 1969 qnam
501 1907 540 1948 ex
560 1906 644 1948 more
667 1886 854 1965 principatus
881 1907 936 1970 per
957 1887 1080 1948 nuntios

136 1988 277 2063 visentis,
307 2000 338 2050 et
366 1987 543 2050 libertorum
578 1988 668 2066 primi
698 1999 729 2049 et
756 1987 946 2050 medicorum
981 1987 1079 2048 intimi

136 2110 250 2151 venere
265 2110 272 2150 :
297 2089 361 2151 sive
376 2109 450 2150 cura
464 2088 540 2151 illud
558 2088 623 2150 sive
638 2088 794 2170 inquisitio
809 2099 882 2149 erat.
928 2086 1080 2167 Supremo

137 2189 264 2272 quidem
289 2189 350 2264 die,
376 2200 532 2252 momenta
553 2188 725 2251 deficientis
749 2209 804 2268 per
824 2188 990 2267 dispositos
1012 2209 1080 2249 cur-

137 2311 224 2353 sores
239 2291 376 2353 nuntiata
398 2289 565 2364 constabat,
582 2289 667 2351 nullo
686 2288 828 2351 credente
845 2289 890 2349 sic
905 2286 1078 2363 accelerari,

136 2412 219 2474 quae
247 2391 340 2454 tristis
363 2389 491 2452 audiret.
536 2389 682 2470 Speciem
709 2403 812 2452 tamen
837 2388 949 2451 doloris
978 2388 1080 2450 animo

136 2491 286 2574 vultuque
301 2511 373 2572 prae
389 2511 423 2552 se
439 2490 518 2566 tulit,
534 2511 663 2553 securus
678 2490 742 2574 jam
757 2490 829 2564 odii,
846 2490 943 2571 etqui
958 2488 1080 2551 facilius

136 2591 346 2655 dissimularet
369 2592 527 2675 gaudium,
554 2612 648 2674 quam
676 2603 804 2653 metum.
849 2589 931 2652 Satis
960 2601 1080 2651 consta-

136 2692 199 2768 bat,
235 2693 316 2754 lecto
352 2704 535 2754 testamento
571 2691 744 2774 Agricolae,
781 2712 843 2773 quo
879 2688 1081 2752 cohaeredem

137 2794 270 2874 optimae
285 2794 371 2856 uxori
394 2806 425 2855 et
445 2794 602 2873 piissimae
617 2793 698 2854 filiae
721 2790 933 2854 Domitianum
947 2792 1078 2874 scripsit,

136 2892 284 2956 laetatum
298 2915 371 2956 eum
393 2894 478 2956 velut
498 2893 611 2955 honore
632 2892 833 2977 judicioque:
857 2906 920 2955 tam
941 2913 1035 2955 caeca
1049 2907 1080 2956 et

137 3007 281 3079 corrupta
300 3015 389 3058 mens
412 2995 545 3057 assiduis
567 2994 791 3057 adulationibus
810 3006 883 3070 erat,
900 3007 933 3058 ut
947 2995 1080 3058 nesciret
1124 3044 1134 3061 .

136 3117 156 3158 a
169 3095 250 3158 bono
270 3109 356 3176 patre
378 3117 439 3159 non
461 3097 554 3158 scribi
574 3095 747 3171 haeredem,
763 3097 822 3159 nisi
837 3096 954 3159 malum
968 3097 1079 3180 princi-

135 3217 218 3277 pem.

178 3295 299 3361 XLIV.
343 3296 445 3360 Natus
474 3311 538 3361 erat
566 3298 720 3381 Agricola,
753 3297 832 3361 Caio
856 3298 990 3361 Caesare
1019 3310 1078 3360 ter-

135 3400 213 3463 tium
233 3398 370 3474 consule,
395 3398 501 3462 Idibus
524 3397 645 3461 Juniis:
672 3401 806 3462 excessit
831 3412 917 3462 sexto
939 3410 970 3461 et
991 3400 1078 3481 quin-

133 3500 317 3582 quagesimo
339 3520 428 3576 anno,
452 3499 573 3562 decimo
595 3497 753 3563 Kalendas
777 3500 979 3585 Septembris,
1005 3498 1077 3562 Col-

133 3600 205 3682 lega
219 3598 389 3682 Priscoque
411 3600 600 3663 consulibus.
645 3599 738 3673 Quod
753 3603 780 3665 si
795 3601 934 3664 habitum
954 3618 1077 3680 quoque

134 3701 203 3785 ejus
217 3701 332 3782 posteri
356 3722 484 3764 noscere
506 3701 609 3777 velint,
633 3701 788 3765 decentior
802 3722 896 3783 quam
918 3697 1078 3760 sublimior

89 3880 96 3889 ,
133 3799 214 3880 fuit3
251 3799 327 3865 nihil
354 3814 457 3866 metus
485 3803 517 3866 in
543 3801 641 3878 vultu,
665 3801 767 3884 ,gretia
800 3801 861 3862 oris
897 3807 1075 3879 supereret;
