2424 4388
485 437 526 479 aa
550 438 729 481 earnium.
1036 428 1074 486 81

136 602 232 664 quam
256 584 415 664 perhanc
439 583 568 666 gloriam
594 587 751 667 sanguinis
778 608 796 648 a
822 587 1020 650 similitudine
1045 601 1076 652 et

136 685 244 746 inertia
275 683 435 747 Gallorum
465 697 651 764 separentur.
705 685 810 766 lpsam
840 686 941 750 Rheni
978 688 1076 769 ripam

136 783 218 846 haud
245 784 337 847 dubie
368 783 592 846 Germanorum
621 786 724 866 populi
747 787 860 861 colunt,
887 786 1076 871 Vangiones,

135 883 273 959 Triboci,
312 884 472 947 Nemetes.
532 884 581 948 Ne
619 885 690 949 Ubii
728 888 862 969 quidem,
899 910 1074 972 quanquam

137 984 279 1048 Romana
304 986 423 1046 colonia
449 1006 519 1046 esse
548 989 714 1049 meruerint
739 1008 776 1049 ac
798 987 942 1050 libentius
965 990 1075 1072 Agrip·

135 1087 281 1166 pinenses
317 1085 480 1148 conditoris
523 1088 570 1148 sui
610 1089 732 1149 nomine
768 1100 923 1162 vocentur,
960 1090 1075 1171 origine

136 1187 331 1260 erubescunt,
369 1188 549 1268 transgressi
586 1183 661 1248 olim
696 1200 727 1248 et
762 1189 969 1266 experimento
1003 1188 1075 1253 fidei

137 1306 231 1365 snper
252 1287 350 1365 ipsam
373 1285 475 1348 Rheni
498 1287 595 1366 ripam
618 1286 767 1361 collocati,
791 1300 826 1348 ut
846 1299 993 1362 arcerent,
1016 1309 1075 1365 non

136 1401 171 1448 ut
193 1387 425 1449 custodirentur.
450 1386 532 1474 κῃ

179 1485 304 1547 XXIX.
327 1486 477 1548 Omnium
498 1487 606 1550 harum
628 1489 766 1570 gentium
788 1489 898 1550 virtute
921 1489 1076 1568 praecipui

136 1587 254 1660 Batavi,
271 1609 329 1648 non
346 1587 477 1649 multum
493 1609 530 1648 ex
546 1590 619 1667 ripa,
636 1588 691 1649 aed
712 1588 844 1650 insulam
860 1587 962 1651 Rheni
977 1590 1076 1652 amnis

136 1688 250 1762 colunt,
291 1687 451 1749 Cattorum
494 1687 647 1769 quondam
686 1687 819 1771 populus
857 1700 887 1750 et
927 1687 1076 1752 seditione

134 1789 304 1850 domestica
326 1788 356 1849 in
379 1808 432 1848 eas
455 1787 546 1848 sedes
572 1798 791 1870 transgressus,
814 1788 979 1870 inquibus
1004 1809 1076 1872 pars

136 1888 270 1950 Romani
299 1889 417 1967 imperii
446 1888 563 1950 fierent.
608 1887 713 1950 Manet
751 1887 845 1951 honos
875 1901 905 1951 et
933 1889 1076 1971 antiquae

136 1990 291 2051 societatis
320 1989 460 2071 insigne:
495 2010 565 2051 nam
596 2010 653 2051 nec
682 1990 801 2052 tributis
831 2002 1074 2065 contemnuntur,

135 2110 193 2152 nec
208 2090 391 2169 publicanus
413 2091 534 2152 atterit:
559 2091 691 2170 exempti
706 2091 849 2152 oneribus
864 2102 896 2152 et
909 2091 1075 2153 collationi·

135 2191 195 2252 bus
224 2201 255 2252 et
282 2203 401 2253 tantum
430 2192 460 2252 in
488 2212 580 2252 usum
613 2191 798 2274 proeliorum
827 2191 963 2273 sepositi,
991 2190 1077 2253 velut

135 2291 197 2353 tela
218 2303 310 2373 atque
338 2312 431 2366 anna,
454 2291 543 2353 bellis
571 2304 774 2354 reservantur.
819 2290 879 2354 Est
906 2292 938 2354 in
966 2289 1075 2353 eodem

136 2393 288 2474 obsequio
309 2404 340 2453 et
355 2391 569 2454 Mattiacorum
591 2413 687 2475 gens;
710 2392 834 2472 protulit
856 2393 936 2455 enim
959 2391 1075 2474 magni·

136 2493 211 2556 tudo
232 2491 336 2572 populi
360 2491 492 2554 Romani
514 2492 593 2555 ultra
616 2492 772 2568 Rhenum,
795 2493 934 2574 ultraque
956 2503 1075 2553 veteres

136 2594 293 2664 terminos,
307 2593 427 2676 imperii
448 2595 658 2654 reverentiam.
703 2592 750 2654 Ita
766 2591 838 2653 sede
854 2591 1028 2671 finibusque
1044 2590 1076 2651 in

137 2715 196 2756 sua
223 2681 298 2777 ripa,
327 2706 430 2756 mente
458 2695 620 2774 animoque
654 2692 811 2753 nobiscum
842 2703 944 2773 agunt,
974 2701 1076 2752 cetera

137 2793 255 2856 similes
270 2793 404 2865 Batavis,
420 2794 480 2855 nisi
496 2792 578 2876 quod
600 2794 668 2876 ipso
690 2791 790 2853 adhuc
804 2804 901 2853 terrae
917 2811 991 2852 suae
1010 2791 1075 2853 solo

137 2905 169 2956 et
190 2894 277 2956 coelo
303 2895 403 2956 acrius
427 2895 608 2955 animantur.
653 2891 725 2955 Non
750 2892 973 2954 numeraverim
999 2892 1076 2955 inter

139 2993 324 3057 Germaniae
345 2995 485 3074 populos,
508 2974 690 3076 quanquam·
706 3006 787 3056 trans
803 2992 947 3055 Rhenum
969 2992 1076 3056 Danu·

137 3093 285 3175 biumque
328 3093 530 3168 consederint,
558 3114 622 3168 eos,
663 3094 717 3175 qui
753 3091 942 3155 Decumates
986 3113 1075 3174 agros

137 3205 291 3257 exercent.
347 3191 540 3256 Levissimus
569 3195 700 3276 quisque
731 3191 890 3255 Gallorum
920 3205 951 3254 et
977 3193 1085 3272 inopia

138 3295 248 3371 audax,
271 3295 382 3357 dubiae
408 3296 612 3378 possessionis
635 3295 735 3357 solum
759 3313 957 3372 occupavere.
1002 3291 1078 3354 Mox

138 3395 235 3458 limite
264 3407 333 3457 acto
360 3396 568 3476 promotisque
593 3393 763 3475 praesidiis,
787 3394 873 3455 sinus
902 3393 1022 3476 imperii
1047 3405 1078 3454 et

138 3516 210 3575 pars
224 3496 397 3575 prouinciae
413 3494 570 3557 habentur.

182 3593 290 3658 XXX.
313 3594 400 3658 Ultra
422 3596 478 3657 hos
507 3595 590 3657 Catti
613 3595 734 3658 initium
756 3595 838 3657 sedis
860 3594 898 3655 ah
921 3590 1080 3669 Hercynio

141 3694 222 3758 saltu
242 3694 393 3770 inchoant,
409 3717 469 3759 nou
492 3697 532 3758 ita
554 3695 662 3758 effusis
684 3716 721 3757 ac
742 3693 929 3775 palustribus
951 3689 1027 3752 locis
1047 3699 1081 3753 ut

141 3805 263 3865 ceterae
284 3795 433 3871 civitates,
450 3798 480 3859 in
501 3817 579 3879 quas
603 3793 770 3857 Germania
790 3791 929 3872 patescit,
951 3787 1079 3868 durent3
