<?xml version="1.0" encoding="UTF-8"?>
<!DOCTYPE html PUBLIC "-//W3C//DTD XHTML 1.0 Transitional//EN"
    "http://www.w3.org/TR/xhtml1/DTD/xhtml1-transitional.dtd">
<html xmlns="http://www.w3.org/1999/xhtml" xml:lang="en" lang="en">
 <head>
  <title>
</title>
<meta http-equiv="Content-Type" content="text/html;charset=utf-8" />
  <meta name='ocr-system' content='tesseract 3.04.00' />
  <meta name='ocr-capabilities' content='ocr_page ocr_carea ocr_par ocr_line ocrx_word'/>
</head>
<body>
  <div class='ocr_page' id='page_1' title='image "./germaniaandagri00tacigoog/germaniaandagri00tacigoog_0064.png"; bbox 0 0 2424 4388; ppageno 0'>
   <div class='ocr_carea' id='block_1_1' title="bbox 482 419 1041 482">
    <p class='ocr_par' dir='ltr' id='par_1_1' title="bbox 482 419 1041 482">
     <span class='ocr_line' id='line_1_1' title="bbox 482 419 1041 482; baseline -0.002 -1"><span class='ocrx_word' id='word_1_1' title='bbox 482 437 651 482; x_wconf 73' lang='lat' dir='ltr'><strong>aonrcom.</strong></span> <span class='ocrx_word' id='word_1_2' title='bbox 998 419 1041 481; x_wconf 73' lang='grc'><strong>45</strong></span> 
     </span>
    </p>
   </div>
   <div class='ocr_carea' id='block_1_2' title="bbox 90 584 1039 3873">
    <p class='ocr_par' dir='ltr' id='par_1_2' title="bbox 90 584 1039 1347">
     <span class='ocr_line' id='line_1_2' title="bbox 94 584 1038 665; baseline -0.001 -16"><span class='ocrx_word' id='word_1_3' title='bbox 94 584 278 665; x_wconf 79' lang='lat' dir='ltr'><strong>superstites</strong></span> <span class='ocrx_word' id='word_1_4' title='bbox 304 605 422 660; x_wconf 89' lang='lat' dir='ltr'><strong>sumus,</strong></span> <span class='ocrx_word' id='word_1_5' title='bbox 451 586 601 665; x_wconf 86' lang='lat' dir='ltr'><strong>exemptis</strong></span> <span class='ocrx_word' id='word_1_6' title='bbox 624 606 641 647; x_wconf 91' lang='lat' dir='ltr'><strong>e</strong></span> <span class='ocrx_word' id='word_1_7' title='bbox 664 585 766 647; x_wconf 91' lang='lat' dir='ltr'><strong>media</strong></span> <span class='ocrx_word' id='word_1_8' title='bbox 787 585 849 648; x_wconf 88' lang='lat' dir='ltr'><strong>vita</strong></span> <span class='ocrx_word' id='word_1_9' title='bbox 876 597 920 648; x_wconf 92' lang='lat' dir='ltr'><strong>tot</strong></span> <span class='ocrx_word' id='word_1_10' title='bbox 940 585 1038 661; x_wconf 84' lang='lat' dir='ltr'><strong>annis,</strong></span> 
     </span>
     <span class='ocr_line' id='line_1_3' title="bbox 90 685 1038 769; baseline 0.001 -22"><span class='ocrx_word' id='word_1_11' title='bbox 90 685 209 767; x_wconf 90' lang='lat' dir='ltr'><strong>quibus</strong></span> <span class='ocrx_word' id='word_1_12' title='bbox 231 685 361 768; x_wconf 83' lang='lat' dir='ltr'><strong>juvenes</strong></span> <span class='ocrx_word' id='word_1_13' title='bbox 383 686 422 749; x_wconf 91' lang='lat' dir='ltr'><strong>ad</strong></span> <span class='ocrx_word' id='word_1_14' title='bbox 444 698 645 759; x_wconf 88' lang='lat' dir='ltr'><strong>senectutem,</strong></span> <span class='ocrx_word' id='word_1_15' title='bbox 662 706 753 747; x_wconf 89' lang='lat' dir='ltr'><strong>senes</strong></span> <span class='ocrx_word' id='word_1_16' title='bbox 779 707 872 769; x_wconf 88' lang='lat' dir='ltr'>prope</span> <span class='ocrx_word' id='word_1_17' title='bbox 894 685 933 747; x_wconf 93' lang='lat' dir='ltr'><strong>ad</strong></span> <span class='ocrx_word' id='word_1_18' title='bbox 954 687 1038 766; x_wconf 91' lang='lat' dir='ltr'><strong>ipsos</strong></span> 
     </span>
     <span class='ocr_line' id='line_1_4' title="bbox 94 784 1039 865; baseline 0.001 -17"><span class='ocrx_word' id='word_1_19' title='bbox 94 787 344 848; x_wconf 78' lang='lat' dir='ltr'><strong>exactae&#39;aetatis</strong></span> <span class='ocrx_word' id='word_1_20' title='bbox 366 787 511 848; x_wconf 88' lang='lat' dir='ltr'><strong>terminos</strong></span> <span class='ocrx_word' id='word_1_21' title='bbox 526 807 580 865; x_wconf 91' lang='lat' dir='ltr'><strong>per</strong></span> <span class='ocrx_word' id='word_1_22' title='bbox 601 784 756 848; x_wconf 91' lang='lat' dir='ltr'><strong>silentium</strong></span> <span class='ocrx_word' id='word_1_23' title='bbox 770 787 921 848; x_wconf 87' lang='lat' dir='ltr'><strong>venimus.</strong></span> <span class='ocrx_word' id='word_1_24' title='bbox 965 786 1039 849; x_wconf 90' lang='lat' dir='ltr'><strong>Non</strong></span> 
     </span>
     <span class='ocr_line' id='line_1_5' title="bbox 94 878 1038 968; baseline 0.003 -22"><span class='ocrx_word' id='word_1_25' title='bbox 94 897 198 947; x_wconf 89' lang='lat' dir='ltr'><strong>tamen</strong></span> <span class='ocrx_word' id='word_1_26' title='bbox 224 885 340 968; x_wconf 82' lang='lat' dir='ltr'>pigebit</span> <span class='ocrx_word' id='word_1_27' title='bbox 354 878 414 947; x_wconf 76' lang='lat' dir='ltr'><strong>vel&#39;</strong></span> <span class='ocrx_word' id='word_1_28' title='bbox 429 885 582 947; x_wconf 92' lang='lat' dir='ltr'><strong>incondita</strong></span> <span class='ocrx_word' id='word_1_29' title='bbox 607 907 644 947; x_wconf 93' lang='lat' dir='ltr'><strong>ac</strong></span> <span class='ocrx_word' id='word_1_30' title='bbox 665 886 734 947; x_wconf 90' lang='lat' dir='ltr'><strong>rudi</strong></span> <span class='ocrx_word' id='word_1_31' title='bbox 757 907 832 948; x_wconf 90' lang='lat' dir='ltr'><strong>voce</strong></span> <span class='ocrx_word' id='word_1_32' title='bbox 858 889 1038 950; x_wconf 84' lang='lat' dir='ltr'><strong>memoriam</strong></span> 
     </span>
     <span class='ocr_line' id='line_1_6' title="bbox 94 986 1038 1066; baseline 0.003 -20"><span class='ocrx_word' id='word_1_33' title='bbox 94 986 202 1064; x_wconf 89' lang='lat' dir='ltr'><strong>prioris</strong></span> <span class='ocrx_word' id='word_1_34' title='bbox 217 986 371 1047; x_wconf 90' lang='lat' dir='ltr'><strong>servitutis</strong></span> <span class='ocrx_word' id='word_1_35' title='bbox 386 1007 422 1047; x_wconf 91' lang='lat' dir='ltr'><strong>ac</strong></span> <span class='ocrx_word' id='word_1_36' title='bbox 436 987 645 1048; x_wconf 86' lang='lat' dir='ltr'><strong>testimonium</strong></span> <span class='ocrx_word' id='word_1_37' title='bbox 668 988 875 1066; x_wconf 88' lang='lat' dir='ltr'><strong>praesentium</strong></span> <span class='ocrx_word' id='word_1_38' title='bbox 888 987 1038 1050; x_wconf 91' lang='lat' dir='ltr'><strong>bonorum</strong></span> 
     </span>
     <span class='ocr_line' id='line_1_7' title="bbox 94 1085 1037 1168; baseline 0.004 -22"><span class='ocrx_word' id='word_1_39' title='bbox 94 1086 319 1165; x_wconf 86' lang='lat' dir='ltr'><strong>composuisse.</strong></span> <span class='ocrx_word' id='word_1_40' title='bbox 374 1085 437 1148; x_wconf 92' lang='lat' dir='ltr'><strong>Hic</strong></span> <span class='ocrx_word' id='word_1_41' title='bbox 473 1087 594 1148; x_wconf 83' lang='lat' dir='ltr'><strong>interim</strong></span> <span class='ocrx_word' id='word_1_42' title='bbox 629 1086 707 1148; x_wconf 90' lang='lat' dir='ltr'><strong>liber</strong></span> <span class='ocrx_word' id='word_1_43' title='bbox 742 1086 846 1148; x_wconf 91' lang='lat' dir='ltr'><strong>honori</strong></span> <span class='ocrx_word' id='word_1_44' title='bbox 875 1088 1037 1168; x_wconf 85' lang='lat' dir='ltr'><strong>Agricolae</strong></span> 
     </span>
     <span class='ocr_line' id='line_1_8' title="bbox 95 1185 1035 1266; baseline 0.003 -20"><span class='ocrx_word' id='word_1_45' title='bbox 95 1186 194 1246; x_wconf 88' lang='lat' dir='ltr'><strong>soceri</strong></span> <span class='ocrx_word' id='word_1_46' title='bbox 210 1187 273 1248; x_wconf 89' lang='lat' dir='ltr'><strong>mei</strong></span> <span class='ocrx_word' id='word_1_47' title='bbox 288 1185 467 1261; x_wconf 85' lang='lat' dir='ltr'><strong>destinatus,</strong></span> <span class='ocrx_word' id='word_1_48' title='bbox 483 1186 673 1266; x_wconf 86' lang='lat' dir='ltr'><strong>professione</strong></span> <span class='ocrx_word' id='word_1_49' title='bbox 693 1188 814 1266; x_wconf 89' lang='lat' dir='ltr'><strong>pietatis</strong></span> <span class='ocrx_word' id='word_1_50' title='bbox 829 1199 883 1248; x_wconf 87' lang='lat' dir='ltr'><strong>aut</strong></span> <span class='ocrx_word' id='word_1_51' title='bbox 895 1186 1035 1250; x_wconf 86' lang='lat' dir='ltr'><strong>laudatus</strong></span> 
     </span>
     <span class='ocr_line' id='line_1_9' title="bbox 95 1285 407 1347; baseline 0.003 -1"><span class='ocrx_word' id='word_1_52' title='bbox 95 1285 152 1346; x_wconf 89' lang='lat' dir='ltr'><strong>erit</strong></span> <span class='ocrx_word' id='word_1_53' title='bbox 167 1296 221 1347; x_wconf 90' lang='lat' dir='ltr'><strong>aut</strong></span> <span class='ocrx_word' id='word_1_54' title='bbox 232 1297 407 1347; x_wconf 82' lang='lat' dir='ltr'><strong>excusatus.</strong></span> 
     </span>
    </p>

    <p class='ocr_par' dir='ltr' id='par_1_3' title="bbox 93 1381 1036 3671">
     <span class='ocr_line' id='line_1_10' title="bbox 139 1381 1035 1458; baseline 0.006 -14"><span class='ocrx_word' id='word_1_55' title='bbox 139 1381 196 1445; x_wconf 89' lang='lat' dir='ltr'><strong>IV.</strong></span> <span class='ocrx_word' id='word_1_56' title='bbox 227 1384 360 1455; x_wconf 72' lang='lat' dir='ltr'><strong>Cursus</strong></span> <span class='ocrx_word' id='word_1_57' title='bbox 389 1383 503 1447; x_wconf 83' lang='lat' dir='ltr'><strong>Jumus</strong></span> <span class='ocrx_word' id='word_1_58' title='bbox 533 1386 712 1458; x_wconf 77' lang='lat' dir='ltr'><strong>Acmoom,</strong></span> <span class='ocrx_word' id='word_1_59' title='bbox 742 1386 835 1447; x_wconf 90' lang='lat' dir='ltr'><strong>veteri</strong></span> <span class='ocrx_word' id='word_1_60' title='bbox 866 1399 896 1447; x_wconf 88' lang='lat' dir='ltr'><strong>et</strong></span> <span class='ocrx_word' id='word_1_61' title='bbox 927 1385 1035 1449; x_wconf 79' lang='lat' dir='ltr'><strong>illustri</strong></span> 
     </span>
     <span class='ocr_line' id='line_1_11' title="bbox 95 1481 1034 1566; baseline 0.004 -23"><span class='ocrx_word' id='word_1_62' title='bbox 95 1481 354 1565; x_wconf 70' lang='lat' dir='ltr'><strong>Foroiuliensium</strong></span> <span class='ocrx_word' id='word_1_63' title='bbox 381 1484 501 1547; x_wconf 90' lang='lat' dir='ltr'><strong>colonia</strong></span> <span class='ocrx_word' id='word_1_64' title='bbox 530 1498 623 1560; x_wconf 92' lang='lat' dir='ltr'><strong>ortus,</strong></span> <span class='ocrx_word' id='word_1_65' title='bbox 656 1498 819 1566; x_wconf 91' lang='lat' dir='ltr'><strong>utrumque</strong></span> <span class='ocrx_word' id='word_1_66' title='bbox 848 1507 939 1547; x_wconf 89' lang='lat' dir='ltr'><strong>avum</strong></span> <span class='ocrx_word' id='word_1_67' title='bbox 968 1506 1034 1564; x_wconf 89' lang='lat' dir='ltr'><strong>pro·</strong></span> 
     </span>
     <span class='ocr_line' id='line_1_12' title="bbox 94 1584 1035 1667; baseline 0.003 -23"><span class='ocrx_word' id='word_1_68' title='bbox 94 1597 267 1646; x_wconf 83' lang='lat' dir='ltr'><strong>curatorem</strong></span> <span class='ocrx_word' id='word_1_69' title='bbox 288 1584 458 1647; x_wconf 88' lang='lat' dir='ltr'><strong>Caesarum</strong></span> <span class='ocrx_word' id='word_1_70' title='bbox 481 1584 603 1648; x_wconf 88' lang='lat' dir='ltr'><strong>habuit:</strong></span> <span class='ocrx_word' id='word_1_71' title='bbox 628 1607 707 1667; x_wconf 88' lang='lat' dir='ltr'><strong>quae</strong></span> <span class='ocrx_word' id='word_1_72' title='bbox 723 1587 873 1667; x_wconf 89' lang='lat' dir='ltr'><strong>equestris</strong></span> <span class='ocrx_word' id='word_1_73' title='bbox 893 1586 1035 1648; x_wconf 82' lang='lat' dir='ltr'><strong>nobilitas</strong></span> 
     </span>
     <span class='ocr_line' id='line_1_13' title="bbox 95 1683 1036 1761; baseline 0.003 -16"><span class='ocrx_word' id='word_1_74' title='bbox 95 1698 153 1746; x_wconf 90' lang='lat' dir='ltr'><strong>est.</strong></span> <span class='ocrx_word' id='word_1_75' title='bbox 197 1683 290 1747; x_wconf 86' lang='lat' dir='ltr'><strong>Pater</strong></span> <span class='ocrx_word' id='word_1_76' title='bbox 312 1683 415 1748; x_wconf 86' lang='lat' dir='ltr'><strong>Julius</strong></span> <span class='ocrx_word' id='word_1_77' title='bbox 432 1685 614 1760; x_wconf 87' lang='lat' dir='ltr'><strong>Graecinus,</strong></span> <span class='ocrx_word' id='word_1_78' title='bbox 631 1687 772 1748; x_wconf 87' lang='lat' dir='ltr'><strong>senatorii</strong></span> <span class='ocrx_word' id='word_1_79' title='bbox 795 1686 917 1761; x_wconf 91' lang='lat' dir='ltr'><strong>ordinis,</strong></span> <span class='ocrx_word' id='word_1_80' title='bbox 935 1687 1036 1750; x_wconf 91' lang='lat' dir='ltr'><strong>studio</strong></span> 
     </span>
     <span class='ocr_line' id='line_1_14' title="bbox 94 1785 1034 1870; baseline 0.003 -24"><span class='ocrx_word' id='word_1_81' title='bbox 94 1785 288 1867; x_wconf 85' lang='lat' dir='ltr'><strong>eloquentiae</strong></span> <span class='ocrx_word' id='word_1_82' title='bbox 304 1788 531 1870; x_wconf 89' lang='lat' dir='ltr'><strong>sapientiaeque</strong></span> <span class='ocrx_word' id='word_1_83' title='bbox 551 1800 651 1861; x_wconf 92' lang='lat' dir='ltr'><strong>notus,</strong></span> <span class='ocrx_word' id='word_1_84' title='bbox 668 1788 767 1869; x_wconf 92' lang='lat' dir='ltr'><strong>iisque</strong></span> <span class='ocrx_word' id='word_1_85' title='bbox 782 1788 944 1855; x_wconf 88' lang='lat' dir='ltr'><strong>virtutibus</strong></span> <span class='ocrx_word' id='word_1_86' title='bbox 959 1789 1034 1850; x_wconf 89' lang='lat' dir='ltr'><strong>iram</strong></span> 
     </span>
     <span class='ocr_line' id='line_1_15' title="bbox 97 1885 1034 1969; baseline 0.002 -21"><span class='ocrx_word' id='word_1_87' title='bbox 97 1885 168 1948; x_wconf 91' lang='lat' dir='ltr'><strong>Caii</strong></span> <span class='ocrx_word' id='word_1_88' title='bbox 185 1886 329 1949; x_wconf 81' lang='lat' dir='ltr'><strong>Caesaris</strong></span> <span class='ocrx_word' id='word_1_89' title='bbox 351 1889 499 1950; x_wconf 89' lang='lat' dir='ltr'><strong>meritus:</strong></span> <span class='ocrx_word' id='word_1_90' title='bbox 523 1907 655 1969; x_wconf 88' lang='lat' dir='ltr'><strong>namque</strong></span> <span class='ocrx_word' id='word_1_91' title='bbox 671 1887 717 1948; x_wconf 91' lang='lat' dir='ltr'><strong>M.</strong></span> <span class='ocrx_word' id='word_1_92' title='bbox 734 1887 872 1950; x_wconf 89' lang='lat' dir='ltr'><strong>Silanum</strong></span> <span class='ocrx_word' id='word_1_93' title='bbox 889 1909 1034 1950; x_wconf 88' lang='lat' dir='ltr'><strong>accusare</strong></span> 
     </span>
     <span class='ocr_line' id='line_1_16' title="bbox 99 1986 1034 2069; baseline 0.002 -21"><span class='ocrx_word' id='word_1_94' title='bbox 99 1987 209 2069; x_wconf 89' lang='lat' dir='ltr'><strong>jussus</strong></span> <span class='ocrx_word' id='word_1_95' title='bbox 224 1999 263 2062; x_wconf 89' lang='lat' dir='ltr'><strong>et,</strong></span> <span class='ocrx_word' id='word_1_96' title='bbox 279 1988 351 2069; x_wconf 87' lang='lat' dir='ltr'><strong>quia</strong></span> <span class='ocrx_word' id='word_1_97' title='bbox 370 1988 524 2061; x_wconf 88' lang='lat' dir='ltr'><strong>abnuerat,</strong></span> <span class='ocrx_word' id='word_1_98' title='bbox 543 1988 720 2050; x_wconf 89' lang='lat' dir='ltr'><strong>interfectus</strong></span> <span class='ocrx_word' id='word_1_99' title='bbox 736 2000 793 2049; x_wconf 89' lang='lat' dir='ltr'><strong>est.</strong></span> <span class='ocrx_word' id='word_1_100' title='bbox 837 1987 938 2050; x_wconf 89' lang='lat' dir='ltr'><strong>Mater</strong></span> <span class='ocrx_word' id='word_1_101' title='bbox 952 1986 1034 2051; x_wconf 87' lang='lat' dir='ltr'><strong>Julia</strong></span> 
     </span>
     <span class='ocr_line' id='line_1_17' title="bbox 94 2084 1034 2171; baseline 0 -21"><span class='ocrx_word' id='word_1_102' title='bbox 94 2084 228 2151; x_wconf 87' lang='lat' dir='ltr'><strong>Procilla</strong></span> <span class='ocrx_word' id='word_1_103' title='bbox 242 2085 309 2161; x_wconf 89' lang='lat' dir='ltr'><strong>fuit,</strong></span> <span class='ocrx_word' id='word_1_104' title='bbox 326 2109 411 2149; x_wconf 82' lang='lat' dir='ltr'><strong>rarae</strong></span> <span class='ocrx_word' id='word_1_105' title='bbox 433 2089 602 2151; x_wconf 87' lang='lat' dir='ltr'><strong>castitatis:</strong></span> <span class='ocrx_word' id='word_1_106' title='bbox 626 2090 657 2150; x_wconf 92' lang='lat' dir='ltr'><strong>in</strong></span> <span class='ocrx_word' id='word_1_107' title='bbox 679 2088 769 2171; x_wconf 90' lang='lat' dir='ltr'><strong>hujus</strong></span> <span class='ocrx_word' id='word_1_108' title='bbox 793 2089 860 2149; x_wconf 91' lang='lat' dir='ltr'><strong>sinu</strong></span> <span class='ocrx_word' id='word_1_109' title='bbox 876 2087 1034 2171; x_wconf 88' lang='lat' dir='ltr'><strong>indulgen·</strong></span> 
     </span>
     <span class='ocr_line' id='line_1_18' title="bbox 93 2187 1034 2269; baseline 0.001 -21"><span class='ocrx_word' id='word_1_110' title='bbox 93 2188 196 2269; x_wconf 89' lang='lat' dir='ltr'><strong>tiaque</strong></span> <span class='ocrx_word' id='word_1_111' title='bbox 220 2187 378 2262; x_wconf 86' lang='lat' dir='ltr'><strong>educatus,</strong></span> <span class='ocrx_word' id='word_1_112' title='bbox 401 2209 598 2268; x_wconf 90' lang='lat' dir='ltr'><strong>peromnem</strong></span> <span class='ocrx_word' id='word_1_113' title='bbox 621 2188 816 2251; x_wconf 89' lang='lat' dir='ltr'><strong>honestarum</strong></span> <span class='ocrx_word' id='word_1_114' title='bbox 839 2189 948 2249; x_wconf 90' lang='lat' dir='ltr'><strong>artium</strong></span> <span class='ocrx_word' id='word_1_115' title='bbox 971 2189 1034 2249; x_wconf 93' lang='lat' dir='ltr'><strong>cul·</strong></span> 
     </span>
     <span class='ocr_line' id='line_1_19' title="bbox 94 2287 1036 2371; baseline 0.001 -22"><span class='ocrx_word' id='word_1_116' title='bbox 94 2299 161 2349; x_wconf 91' lang='lat' dir='ltr'><strong>tum</strong></span> <span class='ocrx_word' id='word_1_117' title='bbox 185 2289 347 2368; x_wconf 90' lang='lat' dir='ltr'><strong>pueritiam</strong></span> <span class='ocrx_word' id='word_1_118' title='bbox 374 2287 672 2371; x_wconf 89' lang='lat' dir='ltr'><strong>adolescentiamque</strong></span> <span class='ocrx_word' id='word_1_119' title='bbox 701 2289 857 2370; x_wconf 84' lang='lat' dir='ltr'><strong>transegit.</strong></span> <span class='ocrx_word' id='word_1_120' title='bbox 902 2287 1036 2350; x_wconf 88' lang='lat' dir='ltr'><strong>Arcebat</strong></span> 
     </span>
     <span class='ocr_line' id='line_1_20' title="bbox 94 2387 1034 2472; baseline 0.002 -24"><span class='ocrx_word' id='word_1_121' title='bbox 94 2406 166 2449; x_wconf 91' lang='lat' dir='ltr'><strong>eum</strong></span> <span class='ocrx_word' id='word_1_122' title='bbox 193 2387 232 2449; x_wconf 89' lang='lat' dir='ltr'><strong>ab</strong></span> <span class='ocrx_word' id='word_1_123' title='bbox 258 2387 410 2450; x_wconf 89' lang='lat' dir='ltr'><strong>illecebris</strong></span> <span class='ocrx_word' id='word_1_124' title='bbox 437 2390 642 2472; x_wconf 89' lang='lat' dir='ltr'><strong>peccantium,</strong></span> <span class='ocrx_word' id='word_1_125' title='bbox 657 2401 776 2469; x_wconf 86' lang='lat' dir='ltr'><strong>praeter</strong></span> <span class='ocrx_word' id='word_1_126' title='bbox 801 2390 898 2468; x_wconf 89' lang='lat' dir='ltr'><strong>ipsius</strong></span> <span class='ocrx_word' id='word_1_127' title='bbox 923 2389 1034 2450; x_wconf 89' lang='lat' dir='ltr'><strong>bonam</strong></span> 
     </span>
     <span class='ocr_line' id='line_1_21' title="bbox 94 2489 1034 2572; baseline -0.002 -21"><span class='ocrx_word' id='word_1_128' title='bbox 94 2489 306 2570; x_wconf 78' lang='lat' dir='ltr'><strong>integramque</strong></span> <span class='ocrx_word' id='word_1_129' title='bbox 328 2503 476 2563; x_wconf 91' lang='lat' dir='ltr'><strong>naturam,</strong></span> <span class='ocrx_word' id='word_1_130' title='bbox 492 2489 573 2571; x_wconf 91' lang='lat' dir='ltr'><strong>quod</strong></span> <span class='ocrx_word' id='word_1_131' title='bbox 592 2491 693 2551; x_wconf 90' lang='lat' dir='ltr'><strong>statim</strong></span> <span class='ocrx_word' id='word_1_132' title='bbox 715 2490 861 2572; x_wconf 89' lang='lat' dir='ltr'><strong>parvulus</strong></span> <span class='ocrx_word' id='word_1_133' title='bbox 877 2489 983 2550; x_wconf 91' lang='lat' dir='ltr'><strong>sedem</strong></span> <span class='ocrx_word' id='word_1_134' title='bbox 998 2509 1034 2549; x_wconf 90' lang='lat' dir='ltr'><strong>ac</strong></span> 
     </span>
     <span class='ocr_line' id='line_1_22' title="bbox 94 2588 1034 2671; baseline -0.002 -21"><span class='ocrx_word' id='word_1_135' title='bbox 94 2589 271 2671; x_wconf 87' lang='lat' dir='ltr'><strong>magistram</strong></span> <span class='ocrx_word' id='word_1_136' title='bbox 316 2588 486 2651; x_wconf 86' lang='lat' dir='ltr'><strong>studiorum</strong></span> <span class='ocrx_word' id='word_1_137' title='bbox 530 2589 703 2653; x_wconf 84' lang='lat' dir='ltr'><strong>Massiliam</strong></span> <span class='ocrx_word' id='word_1_138' title='bbox 746 2588 894 2661; x_wconf 90' lang='lat' dir='ltr'><strong>habuerit,</strong></span> <span class='ocrx_word' id='word_1_139' title='bbox 931 2588 1034 2649; x_wconf 90' lang='lat' dir='ltr'><strong>locum</strong></span> 
     </span>
     <span class='ocr_line' id='line_1_23' title="bbox 96 2688 1033 2774; baseline 0 -24"><span class='ocrx_word' id='word_1_140' title='bbox 96 2688 218 2751; x_wconf 89' lang='lat' dir='ltr'><strong>Graeca</strong></span> <span class='ocrx_word' id='word_1_141' title='bbox 246 2691 388 2752; x_wconf 87' lang='lat' dir='ltr'><strong>comitate</strong></span> <span class='ocrx_word' id='word_1_142' title='bbox 418 2704 449 2753; x_wconf 88' lang='lat' dir='ltr'><strong>et</strong></span> <span class='ocrx_word' id='word_1_143' title='bbox 476 2690 654 2774; x_wconf 90' lang='lat' dir='ltr'><strong>provinciali</strong></span> <span class='ocrx_word' id='word_1_144' title='bbox 691 2690 875 2769; x_wconf 87' lang='lat' dir='ltr'><strong>parsimonia</strong></span> <span class='ocrx_word' id='word_1_145' title='bbox 909 2690 1033 2750; x_wconf 89' lang='lat' dir='ltr'><strong>mistum</strong></span> 
     </span>
     <span class='ocr_line' id='line_1_24' title="bbox 94 2789 1035 2873; baseline -0.002 -21"><span class='ocrx_word' id='word_1_146' title='bbox 94 2811 132 2852; x_wconf 88' lang='lat' dir='ltr'><strong>ac</strong></span> <span class='ocrx_word' id='word_1_147' title='bbox 147 2790 224 2852; x_wconf 89' lang='lat' dir='ltr'><strong>bene</strong></span> <span class='ocrx_word' id='word_1_148' title='bbox 246 2791 462 2873; x_wconf 87' lang='lat' dir='ltr'><strong>compositum.</strong></span> <span class='ocrx_word' id='word_1_149' title='bbox 507 2789 658 2852; x_wconf 90' lang='lat' dir='ltr'><strong>Memoria</strong></span> <span class='ocrx_word' id='word_1_150' title='bbox 681 2802 770 2851; x_wconf 88' lang='lat' dir='ltr'><strong>teneo</strong></span> <span class='ocrx_word' id='word_1_151' title='bbox 793 2789 916 2850; x_wconf 92' lang='lat' dir='ltr'><strong>solitum</strong></span> <span class='ocrx_word' id='word_1_152' title='bbox 932 2790 1035 2872; x_wconf 92' lang='lat' dir='ltr'><strong>ipsum</strong></span> 
     </span>
     <span class='ocr_line' id='line_1_25' title="bbox 95 2888 1034 2974; baseline 0.001 -23"><span class='ocrx_word' id='word_1_153' title='bbox 95 2898 225 2966; x_wconf 87' lang='lat' dir='ltr'><strong>narrare,</strong></span> <span class='ocrx_word' id='word_1_154' title='bbox 255 2912 289 2953; x_wconf 90' lang='lat' dir='ltr'><strong>se</strong></span> <span class='ocrx_word' id='word_1_155' title='bbox 318 2892 348 2952; x_wconf 91' lang='lat' dir='ltr'><strong>in</strong></span> <span class='ocrx_word' id='word_1_156' title='bbox 377 2892 474 2971; x_wconf 87' lang='lat' dir='ltr'><strong>prima</strong></span> <span class='ocrx_word' id='word_1_157' title='bbox 505 2891 631 2974; x_wconf 87' lang='lat' dir='ltr'><strong>juventa</strong></span> <span class='ocrx_word' id='word_1_158' title='bbox 660 2889 794 2952; x_wconf 90' lang='lat' dir='ltr'><strong>studium</strong></span> <span class='ocrx_word' id='word_1_159' title='bbox 824 2888 1034 2972; x_wconf 88' lang='lat' dir='ltr'><strong>philosophiae</strong></span> 
     </span>
     <span class='ocr_line' id='line_1_26' title="bbox 95 2988 1033 3073; baseline 0 -21"><span class='ocrx_word' id='word_1_160' title='bbox 95 2991 206 3064; x_wconf 88' lang='lat' dir='ltr'><strong>acrius,</strong></span> <span class='ocrx_word' id='word_1_161' title='bbox 229 2990 422 3073; x_wconf 90' lang='lat' dir='ltr'><strong>ultraquam</strong></span> <span class='ocrx_word' id='word_1_162' title='bbox 451 3012 634 3052; x_wconf 90' lang='lat' dir='ltr'><strong>concessum</strong></span> <span class='ocrx_word' id='word_1_163' title='bbox 661 2988 801 3052; x_wconf 86' lang='lat' dir='ltr'><strong>Romano</strong></span> <span class='ocrx_word' id='word_1_164' title='bbox 831 3011 867 3052; x_wconf 88' lang='lat' dir='ltr'><strong>ac</strong></span> <span class='ocrx_word' id='word_1_165' title='bbox 894 2991 1033 3064; x_wconf 89' lang='lat' dir='ltr'><strong>senatori,</strong></span> 
     </span>
     <span class='ocr_line' id='line_1_27' title="bbox 95 3089 1035 3172; baseline 0.001 -21"><span class='ocrx_word' id='word_1_166' title='bbox 95 3089 247 3164; x_wconf 89' lang='lat' dir='ltr'><strong>hausisse,</strong></span> <span class='ocrx_word' id='word_1_167' title='bbox 262 3092 293 3151; x_wconf 90' lang='lat' dir='ltr'><strong>ni</strong></span> <span class='ocrx_word' id='word_1_168' title='bbox 315 3091 475 3171; x_wconf 85' lang='lat' dir='ltr'><strong>prudentia</strong></span> <span class='ocrx_word' id='word_1_169' title='bbox 497 3092 600 3167; x_wconf 80' lang='lat' dir='ltr'><strong>matris</strong></span> <span class='ocrx_word' id='word_1_170' title='bbox 624 3092 783 3152; x_wconf 89' lang='lat' dir='ltr'><strong>incensum</strong></span> <span class='ocrx_word' id='word_1_171' title='bbox 805 3112 842 3152; x_wconf 88' lang='lat' dir='ltr'><strong>ac</strong></span> <span class='ocrx_word' id='word_1_172' title='bbox 856 3091 1035 3172; x_wconf 87' lang='lat' dir='ltr'><strong>flagrantem</strong></span> 
     </span>
     <span class='ocr_line' id='line_1_28' title="bbox 94 3190 1033 3252; baseline 0 -1"><span class='ocrx_word' id='word_1_173' title='bbox 94 3190 231 3251; x_wconf 89' lang='lat' dir='ltr'><strong>animum</strong></span> <span class='ocrx_word' id='word_1_174' title='bbox 267 3191 465 3252; x_wconf 88' lang='lat' dir='ltr'><strong>coercuisset.</strong></span> <span class='ocrx_word' id='word_1_175' title='bbox 521 3190 647 3252; x_wconf 85' lang='lat' dir='ltr'><strong>Scilicet</strong></span> <span class='ocrx_word' id='word_1_176' title='bbox 679 3190 810 3251; x_wconf 87' lang='lat' dir='ltr'><strong>sublime</strong></span> <span class='ocrx_word' id='word_1_177' title='bbox 839 3202 870 3252; x_wconf 93' lang='lat' dir='ltr'><strong>et</strong></span> <span class='ocrx_word' id='word_1_178' title='bbox 898 3202 1033 3251; x_wconf 90' lang='lat' dir='ltr'><strong>erectum</strong></span> 
     </span>
     <span class='ocr_line' id='line_1_29' title="bbox 95 3289 1034 3373; baseline -0.001 -22"><span class='ocrx_word' id='word_1_179' title='bbox 95 3289 251 3372; x_wconf 91' lang='lat' dir='ltr'><strong>ingenium</strong></span> <span class='ocrx_word' id='word_1_180' title='bbox 278 3289 534 3370; x_wconf 88' lang='lat' dir='ltr'><strong>pulchritudinem</strong></span> <span class='ocrx_word' id='word_1_181' title='bbox 557 3312 593 3352; x_wconf 91' lang='lat' dir='ltr'><strong>ac</strong></span> <span class='ocrx_word' id='word_1_182' title='bbox 616 3290 752 3373; x_wconf 89' lang='lat' dir='ltr'><strong>speciem</strong></span> <span class='ocrx_word' id='word_1_183' title='bbox 781 3289 921 3350; x_wconf 87' lang='lat' dir='ltr'><strong>excelsae</strong></span> <span class='ocrx_word' id='word_1_184' title='bbox 950 3309 1034 3371; x_wconf 87' lang='lat' dir='ltr'><strong>mag·</strong></span> 
     </span>
     <span class='ocr_line' id='line_1_30' title="bbox 95 3389 1033 3472; baseline -0.001 -22"><span class='ocrx_word' id='word_1_185' title='bbox 95 3410 215 3470; x_wconf 89' lang='lat' dir='ltr'><strong>uaeque</strong></span> <span class='ocrx_word' id='word_1_186' title='bbox 236 3389 351 3472; x_wconf 88' lang='lat' dir='ltr'><strong>gloriae</strong></span> <span class='ocrx_word' id='word_1_187' title='bbox 373 3389 596 3465; x_wconf 89' lang='lat' dir='ltr'><strong>vehementius,</strong></span> <span class='ocrx_word' id='word_1_188' title='bbox 613 3411 706 3471; x_wconf 87' lang='lat' dir='ltr'><strong>quam</strong></span> <span class='ocrx_word' id='word_1_189' title='bbox 728 3403 827 3463; x_wconf 89' lang='lat' dir='ltr'><strong>caute,</strong></span> <span class='ocrx_word' id='word_1_190' title='bbox 851 3389 1033 3468; x_wconf 86' lang='lat' dir='ltr'><strong>appetebat:</strong></span> 
     </span>
     <span class='ocr_line' id='line_1_31' title="bbox 94 3489 1035 3572; baseline -0.003 -21"><span class='ocrx_word' id='word_1_191' title='bbox 94 3510 167 3552; x_wconf 85' lang='lat' dir='ltr'><strong>mox</strong></span> <span class='ocrx_word' id='word_1_192' title='bbox 195 3490 346 3572; x_wconf 85' lang='lat' dir='ltr'><strong>mitigavit</strong></span> <span class='ocrx_word' id='word_1_193' title='bbox 373 3491 448 3551; x_wconf 87' lang='lat' dir='ltr'><strong>ratio</strong></span> <span class='ocrx_word' id='word_1_194' title='bbox 475 3502 505 3552; x_wconf 91' lang='lat' dir='ltr'><strong>et</strong></span> <span class='ocrx_word' id='word_1_195' title='bbox 527 3503 629 3551; x_wconf 89' lang='lat' dir='ltr'><strong>aetas:</strong></span> <span class='ocrx_word' id='word_1_196' title='bbox 660 3491 855 3571; x_wconf 89' lang='lat' dir='ltr'><strong>retinuitque,</strong></span> <span class='ocrx_word' id='word_1_197' title='bbox 878 3489 959 3570; x_wconf 94' lang='lat' dir='ltr'><strong>quod</strong></span> <span class='ocrx_word' id='word_1_198' title='bbox 989 3499 1035 3549; x_wconf 90' lang='lat' dir='ltr'><strong>est</strong></span> 
     </span>
     <span class='ocr_line' id='line_1_32' title="bbox 94 3588 691 3671; baseline -0.002 -19"><span class='ocrx_word' id='word_1_199' title='bbox 94 3588 322 3663; x_wconf 89' lang='lat' dir='ltr'><strong>difficillimum,</strong></span> <span class='ocrx_word' id='word_1_200' title='bbox 336 3612 375 3652; x_wconf 82' lang='lat' dir='ltr'><strong>ex</strong></span> <span class='ocrx_word' id='word_1_201' title='bbox 390 3592 537 3671; x_wconf 86' lang='lat' dir='ltr'><strong>sapientia</strong></span> <span class='ocrx_word' id='word_1_202' title='bbox 555 3590 691 3653; x_wconf 91' lang='lat' dir='ltr'><strong>modum.</strong></span> 
     </span>
    </p>

    <p class='ocr_par' dir='ltr' id='par_1_4' title="bbox 95 3686 1035 3873">
     <span class='ocr_line' id='line_1_33' title="bbox 137 3686 1035 3754; baseline -0.006 -4"><span class='ocrx_word' id='word_1_203' title='bbox 137 3688 177 3754; x_wconf 88' lang='lat' dir='ltr'><strong>V.</strong></span> <span class='ocrx_word' id='word_1_204' title='bbox 201 3689 307 3753; x_wconf 91' lang='lat' dir='ltr'><strong>Prima</strong></span> <span class='ocrx_word' id='word_1_205' title='bbox 334 3703 502 3753; x_wconf 86' lang='lat' dir='ltr'><strong>castrorum</strong></span> <span class='ocrx_word' id='word_1_206' title='bbox 531 3691 703 3753; x_wconf 88' lang='lat' dir='ltr'><strong>rudimenta</strong></span> <span class='ocrx_word' id='word_1_207' title='bbox 725 3691 755 3752; x_wconf 95' lang='lat' dir='ltr'><strong>in</strong></span> <span class='ocrx_word' id='word_1_208' title='bbox 778 3688 933 3751; x_wconf 87' lang='lat' dir='ltr'><strong>Britannia</strong></span> <span class='ocrx_word' id='word_1_209' title='bbox 957 3686 1035 3746; x_wconf 85' lang='lat' dir='ltr'><strong>Sue·</strong></span> 
     </span>
     <span class='ocr_line' id='line_1_34' title="bbox 95 3784 1034 3873; baseline -0.006 -20"><span class='ocrx_word' id='word_1_210' title='bbox 95 3789 179 3853; x_wconf 88' lang='lat' dir='ltr'><strong>tenio</strong></span> <span class='ocrx_word' id='word_1_211' title='bbox 201 3788 353 3865; x_wconf 87' lang='lat' dir='ltr'><strong>Paullino,</strong></span> <span class='ocrx_word' id='word_1_212' title='bbox 368 3789 506 3873; x_wconf 89' lang='lat' dir='ltr'><strong>diligenti</strong></span> <span class='ocrx_word' id='word_1_213' title='bbox 523 3812 560 3853; x_wconf 89' lang='lat' dir='ltr'><strong>ac</strong></span> <span class='ocrx_word' id='word_1_214' title='bbox 582 3789 737 3853; x_wconf 85' lang='lat' dir='ltr'><strong>moderato</strong></span> <span class='ocrx_word' id='word_1_215' title='bbox 751 3788 833 3863; x_wconf 88' lang='lat' dir='ltr'><strong>duci,</strong></span> <span class='ocrx_word' id='word_1_216' title='bbox 848 3784 1034 3866; x_wconf 86' lang='lat' dir='ltr'><strong>approbavit,</strong></span> 
     </span>
    </p>
   </div>
   <div class='ocr_carea' id='block_1_3' title="bbox 0 0 1216 4388">
    <p class='ocr_par' dir='ltr' id='par_1_5' title="bbox 0 0 1216 4388">
     <span class='ocr_line' id='line_1_35' title="bbox 0 0 1216 4388; baseline 0 0"><span class='ocrx_word' id='word_1_217' title='bbox 0 0 1216 4388; x_wconf 95' lang='lat' dir='ltr'><strong> </strong></span> 
     </span>
    </p>
   </div>
  </div>
 </body>
</html>
