2424 4388
133 404 177 462 ⁷2
458 415 488 457 c.
512 414 608 457 coar.
631 413 741 456 rnerrr

132 566 247 628 bonurn
268 563 368 626 virum
388 562 479 626 facile
501 561 651 635 crederes,
674 581 822 645 magnum
850 560 991 624 libenter.
1032 558 1072 623 Et

134 668 200 747 ipse
215 665 350 748 quidem,
366 686 544 747 quanquam
566 664 669 726 medio
684 665 713 725 in
730 665 830 743 spatio
843 664 981 746 integrae
996 675 1074 725 aeta·

96 765 100 772 ’
134 767 173 829 tis
188 778 322 846 ereptus,
339 777 487 848 quantum
509 763 547 826 ad
569 763 707 846 gloriam,
722 763 940 846 longissimum
967 783 1074 825 aerum

133 868 263 949 peregit.
308 866 431 946 Quippe
447 877 477 928 et
493 886 563 927 uera
585 865 673 938 bona,
690 866 815 946 quaein
829 864 994 926 virtutibus
1021 865 1075 926 sita

135 979 215 1037 sunt.
245 967 434 1047 impleverat,
465 979 496 1029 et
524 965 735 1028 consularibus
768 985 805 1026 ac
841 964 1075 1044 triumphalibus

135 1069 318 1130 ornamentis
357 1066 502 1148 praedito,
532 1065 605 1149 quid
645 1065 729 1128 aliud
764 1065 922 1127 adstruere
958 1064 1077 1127 fortuna

134 1167 276 1249 poteratl
320 1169 440 1250 Opibus
476 1169 579 1230 nimiis
608 1189 669 1230 non
704 1167 879 1250 gandebat3
918 1168 1075 1246 speciosae

135 1272 332 1353 contigerant.
378 1268 457 1331 Filia
482 1282 573 1350 atque
603 1289 698 1330 uxore
728 1267 955 1352 superstitibus,
978 1279 1078 1347 potest

135 1369 229 1432 videri
245 1371 336 1432 etiam
357 1370 485 1444 beatus3
511 1367 655 1431 incolumi
671 1368 828 1450 dignitate,
842 1367 971 1430 florente
985 1367 1076 1442 fama,

136 1470 228 1533 salvis
244 1471 440 1533 affinitatibus
456 1483 486 1531 et
500 1466 654 1544 amicitiib,
670 1468 773 1531 futura
790 1469 950 1551 effugisse.
984 1467 1077 1530 Nam

136 1573 224 1634 sicuti
241 1571 348 1634 durare
372 1573 402 1634 in
424 1571 482 1633 bac
504 1571 672 1633 beatissimi
700 1569 815 1632 saeculi
830 1569 900 1633 luce
917 1590 954 1632 ac
968 1570 1077 1650 princi-

135 1694 206 1751 pem
234 1671 402 1754 Trajanum
424 1672 537 1747 videre,
565 1671 648 1753 quod
673 1672 801 1754 augurio
827 1671 968 1753 votisque
998 1669 1077 1753 apud

136 1783 254 1833 nostras
276 1793 365 1833 aures
389 1773 587 1845 ominabatur‚
604 1773 646 1834 ita
661 1772 821 1834 festinatae
843 1771 950 1833 mortis
964 1770 1077 1854 grande

138 1872 280 1933 solatium
303 1873 380 1947 tulit,
398 1874 534 1934 evasisse
556 1887 746 1953 postremum
770 1872 846 1934 illud
868 1884 1002 1952 ternpus,
1018 1892 1079 1954 quo

137 1971 332 2035 Domitianus
348 1995 407 2035 non
432 1974 496 2056 jam
511 1996 566 2055 per
580 1974 735 2036 intervalla
751 1995 788 2035 ac
803 1974 989 2054 spiramenta
1003 1986 1079 2036 tem·

136 2095 255 2155 porum,
273 2074 326 2136 sed
354 2077 497 2137 continno
522 2089 552 2138 et
577 2076 662 2139 velut
683 2097 745 2146 uno
768 2077 830 2138 ictu
855 2075 1079 2159 rempublicam

138 2175 289 2238 exhausit.
785 2182 787 2186 ⁴

181 2273 282 2338 XLV.
307 2275 379 2339 Non
410 2277 485 2339 vidit
514 2277 659 2359 Agricola
696 2276 874 2339 obsessam
891 2277 1019 2352 curiam,
1050 2288 1080 2339 et

138 2377 279 2440 clausurn
308 2379 400 2440 armis
423 2389 572 2451 senatum,
597 2389 628 2439 et
650 2377 881 2460 eadem‘strage
903 2389 947 2440 tot
969 2398 1080 2441 consu·

137 2479 247 2548 larium
269 2479 401 2554 caedes>
415 2490 458 2540 tot
486 2478 746 2540 nobilissimarum
767 2477 949 2541 feminarum
972 2478 1081 2542 exsilia

138 2593 169 2642 et
183 2579 283 2664 fugas.
327 2579 397 2643 Una
419 2580 520 2641 adhuc
534 2580 660 2641 victoria
677 2578 777 2640 Carus
794 2578 910 2642 Metius
932 2579 1081 2642 censeba-

137 2694 196 2757 tnr,
227 2695 259 2745 et
294 2688 371 2744 intra
406 2682 556 2744 Albanam
592 2701 695 2742 arcem
733 2682 882 2742 sententia
919 2679 1081 2744 Messalini

139 2784 302 2866 strepebat,
319 2796 349 2844 et
365 2782 471 2844 Massa
494 2781 610 2843 Bebins
633 2782 696 2864 jam
719 2794 784 2844 turn
799 2803 871 2844 reus
885 2795 960 2844 erat.
1006 2781 1082 2844 Mox

139 2897 260 2945 nostrae
286 2884 400 2946 duxere
424 2883 605 2948 Helvidium
632 2884 662 2945 in
689 2904 843 2945 carcerem
869 2876 999 2944 manus}
1023 2904 1081 2945 nos

80 3012 91 3030 ·
141 2981 272 3046 Maurici
303 2983 488 3067 Rusticique
521 2986 617 3056 visus,
648 3006 704 3046 nos
741 2984 893 3046 innocenti
931 2984 1080 3066 sanguine

141 3083 273 3145 Senecio
288 3083 432 3164 perfudit.
476 3084 561 3147 Nero
575 3098 678 3147 tamen
693 3085 841 3147 subtraxit
856 3084 962 3146 oculos
974 3083 1080 3166 jussit·

140 3205 199 3266 qne
217 3184 342 3258 scelera,
366 3206 427 3246 non
450 3186 619 3264 spectavit:
644 3186 808 3265 praecipua
830 3184 888 3246 sub
903 3183 1082 3246 Domitiano

140 3286 332 3347 miseriarum
354 3307 425 3365 pars
447 3282 511 3347 erat
533 3285 635 3347 videre
658 3299 690 3347 et
711 3285 826 3369 aspici:
854 3305 927 3348 cum
950 3285 1081 3364 suspiria

140 3398 242 3447 nostra
265 3386 547 3462 subscriberentur3
571 3408 642 3448 curn
657 3385 837 3448 denotandis
860 3397 903 3447 tot
921 3385 1082 3446 hominum

140 3483 306 3563 palloribus
330 3481 484 3545 sufficeret
510 3503 621 3544 saevus
644 3482 694 3544 ille
718 3483 820 3544 vultus
842 3494 873 3544 et
894 3480 995 3555 rubor,
1019 3501 1081 3562 quo

140 3605 174 3646 se
201 3597 305 3646 contra
330 3582 479 3662 pudorem
501 3583 668 3645 muniebat.
713 3583 766 3646 Tu
788 3603 861 3644 vero
882 3581 966 3655 felir,
990 3581 1099 3664 Agri--

140 3685 218 3760 cola,
232 3707 292 3747 non
308 3687 387 3748 vitae
410 3696 528 3747 tantum
550 3684 695 3760 claritate,
713 3684 768 3746 sed
789 3684 882 3745 etiam
904 3682 1080 3771 opportuni·

139 3799 200 3849 tate
223 3790 339 3862 mortis,
361 3798 396 3849 ut
417 3785 576 3865 perhibent
601 3787 653 3866 qui
683 3784 883 3849 interfuerunt
904 3782 1081 3846 nouissimis
