2424 4388
473 438 642 481 roareom.
990 423 1032 481 tr

86 584 213 648 Nerone
235 599 417 665 temporum,
440 587 553 667 quibus
576 586 683 647 inertia
707 606 763 665 pro
792 586 940 666 sapientia
961 585 1031 649 fuir.

86 686 176 748 Idem
195 698 354 766 praeturae
369 699 455 748 tenor
469 696 501 747 et
515 686 671 747 silentium
684 706 692 760 ;
715 706 772 746 nec
788 687 870 747 enim
889 685 1031 768 jurisdic-

85 788 130 848 tio
144 786 328 848 obvenerat:
351 785 441 848 ludos
463 799 495 848 et
515 786 616 847 inania
639 785 760 847 honoris
783 785 886 847 medio
906 787 1031 849 rationis

87 901 180 969 atque
202 886 404 949 abundantiae
419 886 515 960 duxit,
532 887 576 949 uti
591 885 681 968 longe
696 907 715 947 a
729 885 858 959 luxuria,
874 887 916 948 ita
930 886 1031 948 famae

85 988 218 1068 propior.
263 985 349 1049 Tum
377 986 495 1048 electus
517 1007 536 1047 a
558 984 658 1048 Galba
680 986 719 1048 ad
740 985 819 1048 dona
848 973 1031 1067 templorum

88 1086 344 1169 recognoscenda,
367 1086 601 1169 diligentissima
629 1086 851 1168 conquisitione
879 1085 962 1162 fecit,
992 1109 1030 1149 ne

87 1187 178 1270 cujus
202 1187 327 1250 alterius
356 1187 552 1270 sacrilegium
574 1185 759 1270 respublica,
782 1207 875 1268 quam
898 1186 1031 1250 Neronis

88 1288 248 1350 sensisset.

132 1386 208 1451 VII.
228 1387 370 1471 Sequens
385 1409 482 1450 annus
497 1387 582 1470 gravi
597 1386 723 1449 vulnere
739 1388 876 1450 animum
891 1387 1031 1451 domum·

88 1510 150 1571 que
166 1489 233 1572 ejus
247 1487 368 1551 afflixit:
392 1509 463 1550 nam
479 1488 587 1550 classis
603 1486 784 1562 Othoniana,
801 1487 929 1551 licenter
942 1510 1030 1572 vaga,

88 1589 164 1653 dum
178 1588 356 1652 Intemelios
370 1587 532 1672 (Liguriae
557 1609 628 1669 pars
655 1590 717 1667 est)
732 1589 881 1652 hostiliter
904 1590 1031 1674 popula·

88 1703 147 1767 tur,
175 1703 305 1753 matrem
333 1688 496 1772 Agricolae
525 1690 557 1751 in
588 1689 721 1769 praediis
758 1691 823 1752 suis
859 1689 1029 1754 interfecit:

87 1790 273 1874 praediaque
287 1791 355 1871 ipsa
369 1803 401 1853 et
414 1811 558 1873 magnam
578 1791 749 1869 patrimonii
764 1803 882 1874 partem
896 1791 1030 1872 diripuit,

87 1913 168 1976 quae
183 1912 279 1954 causa
300 1890 405 1953 caedis
419 1890 529 1953 fuerat.
574 1890 673 1973 Igitur
686 1891 725 1953 ad
740 1891 888 1967 solemnia
909 1893 1031 1973 pietatis

87 1991 244 2074 profectus
279 1991 434 2074 Agricola,
471 1992 577 2054 nuntio
616 1991 749 2055 affectati
786 2012 804 2054 a
839 1991 1032 2076 Vespasiano

87 2093 208 2174 imperii
229 2091 440 2173 deprehensus
461 2113 498 2153 ac
521 2093 624 2154 statim
646 2093 678 2154 in
698 2104 800 2172 partes
822 2104 1031 2176 transgressus

88 2208 147 2256 est.
201 2193 292 2256 Initia
325 2193 513 2274 principatus
541 2213 578 2254 ac
607 2205 720 2255 statum
751 2193 836 2259 urbis
866 2192 1031 2256 Mucianus

87 2294 223 2378 regebat,
251 2293 417 2356 admodum
442 2294 555 2376 juvene
578 2292 756 2356 Domitiano
784 2306 815 2356 et
841 2314 879 2356 ex
907 2306 1032 2377 paterna

88 2395 209 2457 fortuna
231 2406 351 2459 tantum
373 2393 529 2456 licentiam
556 2405 734 2474 usurpante.
779 2394 811 2456 Is
837 2394 968 2456 missum
993 2394 1032 2456 ad

88 2495 229 2558 delectus
258 2494 394 2577 agendos
423 2494 600 2577 Agricolam
636 2495 815 2577 integreque
843 2515 880 2556 ac
910 2507 1032 2556 strenue

88 2608 254 2671 versatum,
282 2595 448 2657 vicesiune
476 2594 600 2678 legioni,
626 2592 710 2656 tarde
739 2595 778 2657 ad
807 2607 1033 2657 sacramentum

87 2709 308 2779 transgressae,
328 2696 513 2778 praeposuit,
529 2695 583 2758 ubi
605 2695 751 2758 decessor
772 2695 917 2759 seditiose
939 2715 1033 2778 agere

88 2796 282 2858 narrabatur:
306 2795 420 2877 quippe
442 2794 551 2878 legatis
566 2816 689 2878 quoque
712 2795 924 2857 consularibus
938 2796 1033 2858 nimia

88 2917 126 2958 ac
141 2894 336 2958 formidolosa
357 2906 431 2957 erat.
476 2894 546 2957 Nec
567 2895 688 2978 legatus
712 2897 880 2976 praetorius
895 2897 933 2960 ad
949 2895 1032 2959 cohi·

89 2995 225 3058 bendum
238 3008 358 3076 potens,
374 2996 536 3070 incertum,
553 3017 610 3058 suo
625 3018 664 3058 an
678 2996 810 3059 militum
826 2999 967 3080 ingenio:
991 2998 1033 3060 ita

90 3116 253 3158 successor
267 3094 361 3158 simul
374 3107 406 3156 et
419 3094 499 3157 ultor
513 3094 643 3171 electus,-
657 3096 812 3158 rarissima
826 3097 1032 3160 moderatione

90 3196 199 3258 maluit
211 3194 308 3258 rideri
324 3195 478 3257 invenisse
495 3195 600 3272 bonos,
616 3217 709 3277 quam
722 3195 847 3259 fecisse.

132 3294 224 3358 VIII.
253 3293 398 3358 Praeerat
432 3285 505 3356 tnnc
535 3294 708 3358 Britanniae
736 3294 859 3359 Vettius
896 3296 1033 3360 Bolanus

89 3396 252 3478 placidius,
280 3417 375 3479 quarn
402 3393 497 3458 feroci
525 3397 680 3476 provincia
703 3395 832 3480 dignum
857 3411 925 3460 est:
956 3410 1032 3460 tem·

89 3497 207 3578 pererit
221 3495 366 3579 Agricola
379 3496 443 3558 vim
458 3516 547 3559 suam
561 3496 761 3578 ardoremque
777 3499 977 3577 compescuit,
993 3518 1032 3560 ne

90 3598 295 3672 incresceret;
317 3595 433 3676 peritus
455 3595 584 3677 obsequi
599 3594 798 3678 eruditusque
813 3595 902 3658 utilia
923 3595 1033 3656 hones·

89 3697 130 3760 tis
165 3695 308 3759 miscere.
372 3693 465 3758 Brevi
500 3695 610 3758 deinde
647 3694 805 3758 Britannia
840 3693 1034 3757 consularem

90 3794 241 3865 Petilium
256 3793 412 3858 Cerialem
433 3796 564 3876 accepit.
607 3793 795 3858 Habuerunt
814 3795 941 3857 virtutes
964 3806 1021 3874 spa
