2424 4388
494 415 666 459 asareem.
990 402 1048 460 151

103 577 137 630 et
157 586 220 628 nox
241 564 323 626 clara
352 576 383 626 et
407 577 543 626 extrema
565 562 740 627 Britanniae
768 575 854 644 parte
882 562 995 640 brevis,
1017 576 1053 628 ut

102 667 202 730 finem
216 679 308 748 atque
335 665 455 727 initium
480 664 560 728 lucis
576 666 687 748 exiguo
702 665 878 728 discrimine
904 667 1052 728 internos·

105 789 172 831 cas.
217 766 310 839 Quod
326 768 352 828 si
367 767 466 829 nubes
488 789 549 828 non
575 766 718 842 officiant,
735 768 831 851 aspici
854 780 1053 848 pernoctem

106 870 184 932 solis
198 867 359 952 fulgorem,
374 889 433 930 nec
456 868 595 931 occidere
611 880 642 931 et
656 889 830 952 exsurgere,
847 869 902 931 sed
923 867 1052 932 transire

106 969 271 1034 affirmant.
317 967 445 1032 Scilicet
467 981 602 1032 extrema
617 981 648 1031 et
661 969 752 1053 plana
770 983 928 1044 terrarum,
943 969 1053 1034 humili

105 1072 227 1146 umbra,
260 1093 321 1133 non
358 1071 479 1154 erigunt
514 1072 666 1145 tenebras,
696 1070 834 1154 infraque
871 1072 993 1134 coelum
1022 1083 1054 1135 et

108 1173 210 1236 sidera
232 1194 293 1234 nox
307 1172 397 1235 cadit.
444 1171 563 1247 Solum,
587 1185 707 1252 praeter
729 1173 830 1235 oleam
843 1173 999 1254 vitemque
1022 1184 1054 1235 et

107 1287 212 1336 cetera
235 1273 432 1335 calidioribus
454 1273 542 1335 terris
566 1273 634 1335 oriri
661 1286 758 1347 sueta,
779 1274 896 1352 patiens
919 1273 1053 1355 frugum,

107 1374 288 1438 fecundum.
333 1373 437 1436 Tarde
452 1376 628 1448 mitescunt,
645 1375 706 1437 cito
720 1375 920 1454 proveniunt:
945 1373 1055 1437 eadem

106 1477 270 1558 utriusque
292 1476 337 1538 rei
359 1497 463 1550 causa,
479 1475 595 1537 multus
612 1474 722 1538 humor
741 1488 889 1538 terrarum
903 1475 1054 1557 coelique.

108 1577 183 1641 Fert
198 1576 355 1640 Britannia
375 1599 485 1639 aurum
500 1589 530 1639 et
545 1590 704 1659 argentum
720 1589 751 1640 et
766 1577 826 1639 alia
840 1576 972 1651 metalla,
987 1597 1055 1656 pre-

108 1681 188 1744 tium
216 1680 379 1742 victoriae:
416 1679 515 1762 gignit
543 1693 573 1741 et
610 1678 754 1741 Oceanus
791 1680 962 1761 margarita,
999 1677 1056 1741 sed

109 1780 260 1844 subfusca
281 1801 317 1842 ac
338 1779 473 1842 liventia.
518 1778 655 1852 Quidam
676 1792 772 1842 artem
795 1780 905 1841 abesse
927 1779 1055 1863 legenti·

107 1884 170 1945 bus
191 1881 392 1944 arbitrantur:
416 1903 487 1942 nam
510 1882 541 1943 in
563 1881 654 1943 rubro
676 1882 752 1943 mari
767 1882 836 1943 viva
858 1903 895 1943 ac
910 1881 1056 1961 spirantia

110 1986 193 2046 saxis
215 1984 316 2058 avelli,
340 1984 372 2045 in
394 1981 560 2057 Britannia,
576 1995 665 2063 prout
688 1983 816 2063 expulsa
838 1984 907 2057 sint,
930 1981 1053 2064 colligi:

110 2107 170 2169 ego
198 2085 320 2148 facilius
348 2084 532 2147 crediderim
563 2097 704 2147 naturam
732 2085 902 2166 margaritis
932 2083 1053 2158 deesse,

109 2207 205 2270 quam
219 2186 307 2248 nobis
323 2186 490 2247 avaritiam.

154 2286 248 2350 XIII.
272 2287 337 2371 Ipsi
361 2285 498 2349 Britanni
513 2286 669 2371 delectum
688 2307 725 2348 ac
747 2285 859 2348 tributa
875 2296 906 2345 et
920 2283 1056 2366 injuncta

110 2389 231 2470 imperii
247 2409 375 2451 munera
389 2388 519 2471 impigre
536 2387 659 2463 obeunt,
675 2388 702 2450 si
718 2386 844 2470 injuriae
860 2385 975 2446 absint:
999 2384 1055 2447 has

110 2510 203 2572 aegre
231 2488 370 2563 tolerant,
402 2487 466 2572 jam
495 2487 601 2551 domiti
630 2501 666 2550 ut
693 2499 827 2568 parcant,
858 2485 993 2548 nondum
1021 2497 1056 2548 ut

112 2592 254 2654 serviant.
299 2591 398 2674 Igitur
418 2591 537 2674 primus
563 2591 701 2652 omnium
732 2588 943 2651 Romanorum
965 2586 1055 2649 divus

112 2691 216 2756 Julius
238 2713 309 2755 cum
333 2693 468 2755 exercitu
484 2691 672 2755 Britanniam
695 2691 863 2772 ingressus,
879 2709 1056 2770 quanquam

111 2815 256 2875 prospera
277 2815 381 2876 pugna
403 2793 543 2855 terruerit
564 2791 679 2854 incolas
695 2776 732 2852 ac
746 2790 846 2852 littore
868 2790 982 2869 potitus
1005 2790 1055 2863 sit,

112 2906 214 2980 potest
227 2893 323 2957 rideri
339 2894 510 2957 ostendisse
532 2894 672 2974 posteris,
689 2913 749 2954 non
764 2891 935 2954 tradidisse.
980 2890 1056 2953 Mox

111 2996 194 3058 bella
215 2996 317 3059 civilia
332 3011 363 3057 et
377 2997 408 3058 in
429 2994 652 3079 rempublicam
668 3015 757 3056 versa
774 2994 946 3075 principum
961 3013 1054 3068 arma,

112 3119 150 3161 ac
164 3097 255 3180 longa
278 3097 391 3160 oblivio
410 3095 585 3159 Britanniae
600 3096 692 3158 etiam
708 3096 739 3158 in
753 3116 840 3175 pace.
883 3092 1056 3156 Consilium

112 3198 146 3262 id
173 3198 263 3261 divus
292 3201 454 3281 Augustus
491 3199 629 3272 vocabat,
660 3197 806 3259 Tiberius
846 3208 1055 3280 pracceptum.

113 3301 259 3383 Agitasse
289 3299 328 3362 C.
360 3298 528 3362 Caesarem
557 3299 595 3361 de
624 3297 762 3361 intranda
791 3296 946 3359 Britannia
983 3295 1056 3356 satis

113 3413 243 3475 constat,
273 3401 305 3463 ni
334 3400 424 3462 velox
459 3400 592 3482 ingenio,
625 3399 747 3462 mobilis
783 3399 997 3478 poenitentiae,
1027 3407 1058 3456 et

113 3502 254 3584 ingentes
269 3501 417 3564 adversus
434 3499 633 3578 Germaniam
648 3513 775 3562 conatus
790 3498 901 3561 frustra
915 3497 1057 3559 fuissent.

114 3600 215 3665 Divus
239 3601 391 3665 Claudius
413 3603 519 3664 auctor
543 3602 654 3685 operis,
677 3600 858 3664 transvectis
884 3594 1058 3677 legionibus

114 3701 301 3786 auxiliisque
323 3716 355 3766 et
375 3715 535 3784 assumpto
550 3703 582 3766 in
595 3714 714 3783 partem
728 3721 830 3763 rerum
845 3695 1056 3775 Vespasiano:
