2424 4388
134 399 191 465 6&
463 413 493 455 c.
518 411 745 472 essuriem

135 561 243 625 obvius
256 582 267 622 v:
308 560 420 642 quibus
456 561 488 622 in
524 581 646 623 omnem
672 571 800 641 ,partem
835 559 984 634 dimissis,
1020 559 1083 624 ubi'

135 664 249 724 incerta
263 660 361 743 fugae
377 662 506 744 vestigia
527 681 627 743 neque
649 682 780 742 usquam
804 660 982 743 conglobari
1004 659 1079 725 hos.

134 774 182 824 tes
208 775 398 840 compertum
420 774 450 822 et
472 773 578 823 exacta
601 761 664 843 jam
687 772 802 822 aestate
829 762 930 843 spargi
958 760 1075 823 bellum

135 861 289 942 nequibat,
305 861 335 922 in
351 860 426 922 fines
443 859 646 922 Horestorum
662 862 829 923 exercituin
844 860 980 923 deducit.
1027 859 1075 923 Ibi

136 962 270 1044 acceptis
293 961 460 1033 obsidibus,
482 961 637 1039 praelecto
665 961 773 1023 classis
796 946 985 1022 circumvelii
1008 959 1075 1022 Bri·

135 1063 269 1123 tanniam
290 1062 454 1144 praecepit.
498 1058 596 1122 Datae
619 1061 657 1123 ad
680 1061 710 1123 id
732 1048 822 1134 uires,
846 1076 877 1123 et
899 1082 1075 1140 praecesse·

135 1176 180 1225 rat
194 1177 297 1225 terror.
344 1161 415 1240 lpse
438 1160 573 1244 peditem
595 1174 686 1243 atque
709 1163 828 1242 equites
851 1160 933 1223 lento
955 1162 1074 1233 itinere,

136 1285 196 1345 quo
232 1284 378 1324 novarum
411 1263 548 1344 gentium
581 1263 673 1324 animi
710 1263 776 1341 ipsa
812 1261 955 1323 transitus
991 1282 1077 1323 mora

135 1376 326 1437 terrerentur,
356 1364 387 1424 in
423 1361 556 1423 hibernis
592 1361 713 1424 locavit.
758 1360 800 1424 Et
837 1360 928 1424 simul
965 1361 1075 1424 classis

136 1466 270 1527 secunda
306 1459 486 1543 terripestate
522 1484 559 1524 ac
587 1463 669 1525 fama
698 1461 917 1525 Trutulensem
953 1477 1075 1543 portum

135 1568 240 1638 tenuit,
269 1565 349 1628 unde
385 1565 523 1648 proximo
551 1564 644 1626 latere
672 1563 847 1647 Britanniae
876 1563 956 1625 lecto
992 1565 1075 1627 omni

134 1667 273 1729 redierat.

176 1762 322 1826 XXXIX.
354 1764 460 1841 Hunc*
483 1787 584 1828 rerum
621 1785 756 1838 cursum,
786 1785 961 1846 quanquam
990 1765 1076 1828 nulla

135 1866 295 1927 verborum
332 1865 476 1948 jactantia
516 1865 652 1946 epistolis
675 1864 852 1947 ¹Agricolae
888 1876 1003 1940 actum,
1040 1878 1076 1928 ut

136 1965 311 2027 Domitiano
338 1967 431 2028 moris
460 1978 533 2040 erat,
556 1967 654 2028 fronte
683 1966 791 2039 laetus,
814 1978 937 2048 pectore
965 1967 1074 2028 anxius

136 2066 264 2145 excepit.
309 2065 410 2128 Inerat
432 2068 618 2129 couscientia
639 2067 753 2129 derisui
775 2066 872 2128 fuisse
901 2087 999 2145 nuper
1019 2065 1074 2129 fat-

137 2188 205 2228 sum
224 2188 241 2229 e
262 2165 428 2229 Germania
449 2167 645 2247 triumphum,
670 2168 780 2246 emptis
802 2187 857 2246 per
877 2168 1072 2242 commercia,

135 2289 264 2351 quorum
280 2268 401 2330 habitus
424 2283 454 2331 et
476 2269 575 2330 crines
598 2269 629 2330 in
651 2270 840 2348 captivorum
863 2269 999 2347 speciem
1016 2268 1073 2331 lor-

135 2385 306 2432 marentur:
330 2382 360 2430 at
382 2389 463 2430 nunc
484 2389 587 2430 veram
613 2389 817 2451 magnamque
839 2369 1007 2444 victoriam,
1030 2381 1074 2431 tot

136 2469 271 2532 millibus
300 2469 434 2532 hostiurn
456 2469 565 2539 caesis,
588 2469 704 2551 ingenti
725 2467 807 2530 fama
835 2468 992 2559 celebrari.
1038 2468 1074 2532 Id

136 2571 194 2634 sibi
221 2572 354 2633 maxime
382 2569 622 2644 formidolosum,
651 2570 759 2649 privati
795 2569 926 2631 hominis
962 2590 1074 2632 nomen

137 2693 228 2754 supra
253 2671 397 2754 principis
420 2669 534 2732 attolli:
558 2669 670 2732 frustra
691 2669 792 2732 studia
806 2669 862 2731 sori
885 2682 915 2731 ot
937 2669 1075 2733 civilium

136 2773 246 2834 artium
268 2772 364 2834 decus
386 2773 416 2833 in
440 2771 592 2832 silentium
616 2784 693 2843 acta,
710 2772 736 2832 si
758 2771 921 2833 militarem
944 2771 1073 2852 gloriam

137 2872 214 2934 alius
244 2885 430 2951 occuparet:
469 2885 499 2933 et
535 2885 638 2933 cetera
665 2884 832 2954 utcumque
862 2870 983 2933 facilius
1012 2872 1074 2934 dis-

137 2971 297 3034 simulari:
336 2971 423 3033 ducis
452 2972 524 3033 boni
560 2973 784 3055 imperatoriam
813 2973 957 3034 virtutem
994 2993 1074 3035 esse.

137 3071 267 3133 Talibus
293 3073 374 3133 curis
399 3074 560 3147 exercitus,
585 3073 727 3155 quodque
751 3094 860 3134 saevae
883 3074 1075 3156 cogitationis

137 3171 284 3233 indicium
326 3182 399 3244 erat,
437 3186 555 3232 secreto
592 3193 648 3234 suo
678 3163 821 3245 satiatus,
859 3174 1006 3252 optimum
1044 3173 1076 3235 in

137 3272 307 3355 praesentia
344 3273 448 3334 statuit
482 3293 627 3351 reponere
665 3273 779 3347 odium,
809 3273 905 3335 donec
942 3275 1076 3353 impetus

137 3373 236 3434 famae
266 3385 297 3434 et
324 3372 408 3434 saror
437 3375 589 3435 exercitus
617 3374 852 3456 languesceret:
883 3376 1077 3437 nemetiam

138 3487 202 3537 tum
218 3474 361 3556 Agricola
376 3473 563 3536 Britanniam
581 3475 744 3536 obtinebat.

179 3570 245 3634 XL.
273 3575 370 3657 lgitur
391 3574 585 3657 triumphalia
614 3590 789 3637 ornamenta
812 3589 842 3637 et
864 3576 989 3638 illustris
1013 3589 1073 3639 sta-

138 3690 207 3738 tuae
230 3677 373 3739 honorem
396 3688 427 3737 et
448 3675 595 3757 quidquid
617 3698 670 3756 pro
692 3676 845 3760 triumpho
867 3677 963 3752 datur,
980 3677 1077 3740 multo

137 3778 298 3842 verborum
320 3777 433 3840 honore
448 3777 750 3863 cumulatadecerni
777 3780 808 3840 in
835 3791 942 3841 senatu
965 3778 1054 3861 jubet
