2424 4388
440 443 483 485 ns
505 441 687 489 enarrari.
992 428 1031 488 41

87 592 268 670 pernicitate
296 590 453 673 gaudent;
495 612 575 673 quae
604 592 706 653 omnia
734 590 855 652 diversa
884 590 1034 653 Sarmatis

88 703 171 765 sunt,
195 692 226 753 in
255 690 391 775 plaustro
420 713 562 774 equoque
585 691 768 753 viventibus.
814 690 928 754 Fennis
958 693 1034 754 mira

87 790 203 866 soritae,
226 790 316 853 foeda
344 804 529 871 paupertas:
562 814 620 853 non
649 813 742 866 arma,
772 814 831 853 non
861 793 942 874 equi,
972 814 1037 883 non.

87 903 235 971 penates:
259 893 354 954 victui
376 891 479 966 herba,
504 893 626 953 vestitui
648 892 755 971 pelles,
771 892 872 954 cubile
895 892 1030 956 humus:

88 991 153 1053 sola
189 992 221 1052 in
258 993 376 1073 sagittis
413 1012 495 1071 spes,
532 1014 620 1073 quae,
658 993 759 1071 inopia
791 993 871 1064 ferri,
909 994 1031 1056 ossibus

87 1103 240 1174 asperent.
285 1091 433 1174 Idemque
458 1104 584 1154 renatus
608 1093 689 1153 viros
711 1094 823 1172 pariter
845 1115 881 1154 ae
902 1093 1031 1156 feminas

88 1190 151 1252 alit.
206 1189 329 1253 Passim
359 1192 441 1253 enim
470 1193 663 1265 comitantur,
692 1204 871 1273 partemque
901 1193 1031 1271 praedae

87 1303 205 1370 petunt.
258 1290 328 1354 Nec
356 1291 439 1355 aliud
468 1292 633 1353 infantibus
663 1292 796 1353 ferarum
826 1293 1031 1375 imbriumque

88 1391 267 1474 suffugium,
283 1415 375 1475 quarn
391 1405 426 1454 ut
440 1393 471 1454 in
486 1392 588 1474 aliquo
603 1414 757 1454 ramorum
771 1414 851 1454 nexu
869 1407 1032 1477 contegan-

87 1504 155 1554 tur:
179 1491 240 1555 hue
261 1493 390 1555 redeunt
411 1494 552 1576 juvenes,
569 1492 627 1555 hoc
655 1515 765 1555 senum
790 1496 1030 1574 receptaculum.

88 1591 152 1655 Sed
179 1593 300 1655 beatius
328 1594 519 1667 arbitrantur,
543 1614 636 1675 quam
666 1595 820 1676 ingemere
850 1597 941 1678 agris,
966 1596 1031 1659 illa·

86 1692 192 1754 borare
207 1692 360 1768 domibus,
377 1715 450 1755 suas
471 1694 646 1776 alienasque
661 1693 797 1756 fortunas
813 1717 868 1779 spe
884 1709 1030 1780 metuque

85 1814 218 1856 versare.
264 1794 373 1857 Securi
402 1795 550 1857 adversus
579 1795 728 1871 homines,
753 1799 854 1859 securi
882 1798 1030 1862 adversus

84 1893 171 1968 deos,
185 1916 251 1957 rem
274 1893 485 1958 difficillimam
507 1897 642 1958 assecuti
665 1909 745 1971 sunt,
763 1909 795 1960 ut
817 1898 877 1961 illis
900 1920 938 1960 ne
961 1913 1030 1962 voto

84 1993 212 2077 quidem
233 2017 310 2077 opus
333 2009 427 2058 esset.
473 1995 586 2060 Cetera
604 1997 668 2080 jam
683 1997 843 2061 fabulosa:
868 1999 1029 2063 Hellusios

84 2107 117 2159 et
146 2093 283 2158 Oxionas
312 2118 364 2159 ora
391 2096 551 2160 hominum
579 2098 754 2180 vultusque,
782 2121 909 2184 corpora
937 2113 1028 2184 atque

85 2209 170 2259 artus
185 2196 328 2272 ferarum,
344 2218 473 2280 gerere:
496 2199 580 2280 quod
601 2216 670 2281 ege,
693 2211 727 2261 ut
748 2200 982 2280 incompertum,
997 2203 1029 2264 in

84 2297 224 2361 medium
238 2297 419 2381 relinquam.
