2424 4388
138 419 181 480 30
455 438 483 476 o.
508 434 604 477 cortu.
629 434 765 477 rscrrus

136 602 250 645 annum
261 602 383 664 quoque
399 584 500 662 ipsum
516 602 576 643 non
591 582 621 643 in
636 581 763 644 totidem
776 581 919 665 digerunt
934 583 1077 663 species:

136 680 236 745 hiems
251 692 282 744 et
295 703 348 744 ver
362 695 393 744 et
407 695 508 744 aestas
523 682 712 744 intellectum
727 702 763 744 ac
779 680 929 744 vocabula
943 682 1077 746 habentt

136 783 274 844 autumni
288 782 414 861 perinde
429 804 541 844 nomen
555 803 591 844 ac
605 783 685 844 bona
699 783 886 864 ignorantur.

179 881 318 945 XXVII.
342 879 498 945 Funerum
514 883 596 945 nulla
611 882 751 958 ambitio;
775 882 806 945 id
821 883 922 945 solum
934 884 1077 947 observa-

135 994 194 1057 tur,
210 994 243 1046 ut
258 1004 384 1063 corpora
405 983 556 1045 clarorum
572 985 703 1045 virorum
725 985 817 1045 certis
832 983 923 1065 lignis
938 1005 1077 1046 cremen-

136 1094 194 1146 tur.
232 1083 356 1146 Struem
370 1085 435 1166 rogi
451 1104 508 1145 nec
519 1084 656 1146 vestibus
671 1104 728 1146 nec
742 1083 885 1146 odoribus
900 1085 1075 1148 cumulant:

136 1204 192 1246 sua
213 1185 325 1266 cuique
349 1206 442 1257 arma,
458 1184 648 1267 quorundam
669 1185 731 1267 igni
754 1196 786 1246 et
807 1206 906 1266 equus
925 1185 1075 1269 adjicitur.

137 1284 320 1369 Sepulcrum
337 1306 466 1367 caespes
481 1285 570 1366 erigit
581 1278 595 1360 ;'
616 1297 884 1350 monumentorum
899 1286 1031 1348 arduum
1046 1299 1077 1349 et

135 1406 298 1466 operosum
321 1384 476 1460 honorem,
491 1397 526 1446 ut
540 1405 665 1467 gravem
686 1384 849 1460 defunctio,
865 1398 1075 1469 aspernantur.

136 1484 287 1549 Lamenta
329 1507 365 1548 ac
401 1486 541 1548 lacrimas
577 1487 648 1559 cito,
684 1485 820 1548 dolorem
856 1498 888 1548 et
923 1487 1075 1550 tristitiam

134 1586 219 1649 tarde
247 1600 373 1667 ponunt.
417 1582 554 1647 Feminis
584 1586 688 1668 lugere
718 1585 881 1648 honestum
911 1599 960 1648 est
970 1608 984 1668 ;¹
1002 1588 1075 1654 viris

135 1689 323 1748 meminisse.
383 1686 472 1748 Haec
505 1687 535 1748 in
570 1707 735 1749 commune
762 1686 801 1749 de
830 1687 968 1749 omnium
998 1686 1077 1749 Ger·

136 1807 295 1848 manonrm
325 1788 439 1869 origine
462 1808 498 1848 ac
520 1787 656 1849 moribus
679 1788 878 1867 accepimus:
909 1809 992 1850 nunc
1013 1790 1076 1851 sin·

136 1885 278 1970 gularum
292 1887 428 1968 gentium
445 1888 583 1949 instituta
597 1887 745 1969 ritusque,
759 1898 908 1969 quatenus
923 1887 1076 1964 differant,

136 2007 215 2068 quae
237 1987 374 2048 nationes
390 2008 406 2048 e
424 1985 589 2050 Germania
609 1988 639 2048 in
656 1985 775 2050 Gallias
797 1988 1076 2069 commigraverint,

137 2087 307 2167 expediam.

179 2187 325 2251 XXVIII
366 2187 537 2252 Validiores
574 2189 647 2252 olim
684 2188 844 2252 Gallorum
878 2211 929 2252 res
965 2190 1077 2268 fuisse,

137 2310 278 2352 summus
307 2302 466 2351 auctorum
495 2289 584 2352 dirus
614 2288 717 2353 Julius
745 2290 852 2352 tradit:
882 2312 981 2373 eoque
1011 2313 1079 2355 cre·

136 2389 229 2452 dibile
256 2400 303 2451 est
327 2390 418 2450 etiam
446 2388 552 2451 Gallos
575 2391 607 2452 in
633 2389 832 2465 Germaniam
857 2404 1077 2475 transgressos.

138 2489 330 2564 Quantulum
366 2491 447 2552 enim
483 2492 581 2552 amnis
618 2491 766 2566 obstabat,
795 2513 857 2574 quo
892 2493 1004 2568 minus,
1044 2506 1079 2557 ut

137 2612 277 2674 quaeque
313 2612 390 2675 gens
425 2591 589 2666 evaluerat‚
627 2604 790 2671 occuparet
829 2605 1078 2676 permutaretque

137 2692 237 2768 sedes,
253 2695 444 2773 promiscuas
466 2693 566 2754 adhuc
589 2705 619 2754 et
641 2693 724 2754 nulla
753 2714 915 2775 regnorum
942 2696 1079 2774 potentia

135 2791 273 2854 divisas?
317 2793 416 2875 Igitur
429 2794 507 2855 inter
522 2792 711 2876 Hercyniam
735 2793 851 2871 sylvam
868 2793 1078 2877 Rhenumque

137 2904 168 2953 et
191 2891 338 2953 Moenum
367 2913 473 2954 amnes
503 2892 649 2967 Helvetii,
679 2893 822 2955 ulteriora
852 2892 930 2968 Boii,
956 2894 1078 2958 Gallica

136 3002 265 3072 utraque
280 3011 366 3072 gens,
380 3005 516 3054 tenuere.
562 2993 667 3056 Manet
681 2994 781 3056 adhuc
797 2994 939 3056 Boibemt'
954 3017 1075 3072 nomen,

138 3090 349 3173 significatque
365 3092 424 3153 loci
439 3106 571 3155 veterem
589 3096 777 3167 memoriam,
794 3097 934 3177 quamvis
950 3099 1077 3159 mutatis

137 3190 315 3253 cultoribus.
361 3191 424 3254 Sed
458 3205 560 3256 utrum
590 3195 729 3257 Aravisci
758 3196 789 3257 in
819 3194 1009 3258 Pannoniam
1038 3199 1078 3259 ab

138 3290 222 3366 Osis,
248 3289 472 3355 Germanorum
496 3295 627 3369 natione,
652 3317 690 3356 an
717 3295 773 3357 Osi
800 3297 838 3356 ab
862 3296 1017 3358 Araviscis
1045 3299 1078 3360 in

138 3390 336 3454 Germaniam
360 3395 635 3477 commigraverint,
660 3417 732 3458 cum
759 3396 866 3458 eodem
890 3395 990 3457 adbuc
1014 3418 1078 3459 ser-

137 3513 238 3566 mone,
254 3493 408 3568 institutis,
424 3496 560 3556 moribus
582 3509 713 3570 utamur,
730 3497 879 3559 incertum
902 3509 969 3559 est:
994 3499 1077 3578 quia,

137 3593 202 3673 pari
230 3591 302 3654 olim
327 3592 428 3672 inopia
454 3614 490 3655 ac
512 3594 659 3669 libertate,
676 3595 784 3658 eadem
810 3598 969 3679 utriusque
992 3598 1078 3680 ripae

137 3693 217 3756 bona
231 3693 372 3776 malaque
397 3707 490 3755 erant.
534 3693 662 3758 Treveri
677 3708 708 3758 et
722 3696 829 3759 Nervii
851 3697 932 3775 circa
953 3697 1079 3760 affecta-

139 3795 254 3858 tionem
270 3794 472 3858 Germanicae
495 3795 619 3878 originis
641 3795 721 3860 ultro
742 3798 896 3862 ambitiosi
914 3809 995 3872 sunt,
1007 3809 1064 3865 tan
