2424 4388
127 418 169 480 ⁴4
444 402 489 479 o.
509 421 607 480 corn.
630 435 741 479 rsorrr

127 581 263 646 defuncti
277 582 418 659 hominis,
431 584 520 645 venia
536 606 613 664 opus
626 584 683 646 fuit
697 605 704 644 :
728 603 821 665 quam
835 605 896 645 non
909 574 1072 664 petissem,

127 685 158 747 ni
173 697 349 747 cursaturus
371 696 433 746 tam
456 705 549 746 saeva
564 698 595 747 et
612 684 722 746 infesta
736 685 898 746 virtutibus
920 695 1069 770 tempora.

169 785 212 848 Il.
238 784 396 868 Legimus,
410 806 482 846 cum
495 785 631 847 Aruleno
644 784 774 863 Rustico
786 784 903 847 Paetus
917 784 1068 861 Thrasea,

127 885 285 950 Herennio
301 886 463 948 Senecioni
486 884 615 947 Priscus
638 883 803 948 Helvidius
825 885 938 948 laudati
955 898 1068 960 essent,

127 987 256 1066 capitale
283 985 402 1047 fuisse:
426 1005 528 1068 neque
557 987 586 1047 in
610 987 692 1065 ipsos
719 985 810 1048 modo
839 998 990 1059 auctores,
1014 985 1070 1047 sed

128 1087 158 1148 in
179 1086 271 1148 libros
292 1105 414 1168 quoque
436 1086 544 1148 eorum
567 1087 727 1160 saevitum,
743 1085 883 1168 delegato
904 1086 1068 1147 triumviris

127 1187 304 1260 ministeriu,
327 1200 361 1247 ut
389 1198 589 1248 monumenta
614 1185 853 1247 clarissimorum
877 1186 1067 1268 ingeniorum

127 1286 157 1348 iu
173 1288 295 1349 comitio
310 1308 346 1348 ac
360 1286 426 1348 foro
449 1298 619 1348 urerentur.
665 1286 791 1347 Scilicet
807 1285 859 1348 illo
874 1287 944 1368 igne
959 1306 1068 1347 vocem

126 1387 231 1470 populi
248 1386 380 1449 Romani
402 1400 433 1449 et
454 1387 625 1448 libertatem
648 1399 772 1447 senatus
796 1399 826 1448 et
848 1386 1069 1448 conscientiam

127 1489 247 1571 generis
263 1487 387 1548 humani
411 1487 524 1549 aboleri
540 1486 770 1560 arbitrabantur,
785 1486 921 1566 expulsis
944 1487 1071 1565 insuper

127 1589 294 1671 sapientiae
330 1587 553 1670 professoribus
583 1601 673 1669 atque
711 1589 793 1649 omni
830 1587 908 1648 bona
944 1591 1007 1648 arte
1037 1588 1068 1648 in

127 1688 252 1750 exilium
281 1700 359 1760 acta,
383 1708 420 1748 ne
443 1687 516 1769 qnid
538 1709 670 1769 usquam
698 1687 861 1749 honesturn
884 1695 1066 1749 occurreret.

128 1786 279 1849 Dedimus
301 1787 438 1866 profecto
460 1787 572 1871 grande
595 1789 757 1868 patientiae
772 1787 1013 1850 documentum:
1038 1799 1069 1850 et

127 1887 207 1948 sicut
220 1900 309 1948 vetus
325 1901 408 1950 aetas
423 1888 506 1964 vidit,
523 1887 596 1970 quid
617 1888 760 1950 ultimum
775 1889 806 1950 in
820 1887 959 1950 libertate
974 1899 1066 1958 esset,

127 1988 168 2049 ita
183 1988 337 2071 nos„quid
352 1990 383 2050 in
398 1990 554 2063 servitute,
571 1981 712 2069 adempto
734 2009 789 2068 per
810 1989 1022 2070 inquisitiones
1038 2001 1069 2050 et

127 2086 270 2172 loquendi
286 2089 488 2171 audiendique
507 2089 702 2150 commercio.
747 2087 929 2151 Memoriam
944 2109 1067 2170 quoque

128 2191 226 2271 ipsam
241 2211 313 2252 curn
328 2212 403 2252 voce
418 2189 668 2270 perdidissemus,
686 2190 711 2250 si
726 2201 788 2250 tam
804 2190 835 2251 in
849 2201 951 2251 nostra
966 2202 1068 2273 potes·

127 2304 188 2353 tate
204 2304 286 2353 esset
301 2291 448 2365 oblivisci,
465 2312 558 2373 quam
574 2304 683 2351 tacere.
807 2285 810 2291 ⁴

170 2391 230 2454 ΙΙΙ.
260 2391 354 2453 Nunc
382 2391 507 2454 demum
542 2390 621 2452 redit
653 2392 795 2451 animus:
834 2401 864 2452 et
892 2410 1068 2472 quanquam

126 2493 224 2573 primo
240 2494 342 2555 statim
356 2492 526 2554 beatissimi
549 2490 665 2552 saeculi
681 2503 748 2553 ortu
763 2490 868 2553 Nerva
887 2490 1003 2552 Caesar
1017 2511 1068 2553 res

127 2593 199 2656 olim
221 2593 432 2656 dissociabiles
458 2592 624 2666 miscuerit,
651 2592 854 2675 principatum
881 2612 917 2653 ac
945 2591 1067 2654 liberta·

127 2707 201 2769 tem,
229 2707 400 2777 augeatque
437 2692 572 2775 quotidie
601 2691 778 2754 felicitatem
814 2693 933 2776 imperii
962 2691 1067 2754 Nerva

128 2793 289 2878 ijanus
305 2815 363 2855 nec
379 2815 465 2873 spem
487 2792 578 2855 modo
593 2814 629 2854 ac
644 2805 749 2854 votum
770 2794 918 2854 securitas
932 2793 1066 2873 publica,

128 2895 183 2956 sed
204 2895 301 2973 ipsius
315 2894 377 2955 voti
392 2893 536 2955 fiduciam
551 2915 588 2955 ac
602 2893 695 2955 robur
716 2892 935 2973 assumpserit3
960 2905 1068 2955 natura

127 3007 229 3054 tamen
257 2992 437 3054 infirmitatis
469 2992 619 3054 humanae
649 2992 778 3054 tardiora
815 3007 885 3054 sunt
920 2992 1066 3069 remedia,

127 3113 219 3174 quam
255 3091 353 3167 mala;
391 3106 430 3167 et,
462 3107 494 3155 ut
523 3115 650 3177 corpora
679 3094 759 3154 lente
795 3106 976 3176 augescunt,
1006 3095 1068 3156 cito

127 3194 369 3276 exstinguuntur,
394 3196 439 3256 sic
462 3195 583 3277 ingenia
605 3193 767 3276 studiaque
790 3195 977 3274 oppresseris
992 3195 1067 3258 faci·

127 3294 196 3367 lius,
221 3315 314 3375 quarn
341 3297 540 3357 revocaveris.
586 3294 678 3356 Subit
706 3297 817 3377 quippe
847 3296 938 3357 etiarn
968 3296 1066 3376 ipsius

127 3397 252 3456 inertiae
277 3394 426 3457 dulcedo:
457 3409 488 3458 et
517 3397 614 3458 invisa
642 3398 741 3480 primo
766 3395 884 3458 desidia
912 3410 1068 3475 postremo

127 3507 254 3556 amatur.
299 3494 381 3568 Quid
396 3496 407 3556 l
431 3497 456 3557 si
471 3517 526 3575 per
542 3495 719 3577 quindecim
734 3517 838 3568 annos,
858 3494 971 3578 grande
987 3518 1067 3558 mor·

127 3594 195 3657 talis
210 3597 278 3657 aevi
301 3598 442 3676 spatium,
460 3597 547 3658 multi
564 3597 694 3658 fortuitis
719 3598 853 3670 casibus,
877 3598 1066 3676 promptissi-

127 3716 196 3759 mus
212 3697 342 3779 quisque
358 3697 484 3758 saevitia
506 3698 651 3777 principis
675 3695 911 3759 interciderunt?
956 3696 1065 3772 Pauci,

127 3808 168 3871 et,
182 3809 217 3859 ut
230 3797 273 3860 ita
286 3796 424 3870 dixerim,
440 3817 500 3858 non
522 3798 613 3860 modo
635 3797 774 3870 aliorum,
791 3797 952 3861 sedetiam
972 3798 1065 3862 nostri
