2424 4388
144 430 184 493 18
459 446 489 486 c.
512 443 609 486 coen.
633 444 766 486 vacivus

139 589 192 652 illo
221 601 251 651 et
279 588 419 651 fabuloso
445 608 544 650 errore
573 591 604 650 in
632 588 713 650 huuc
743 587 905 652 Oceanum
928 588 1080 669 delatum,

139 689 240 751 adisse
271 688 454 751 Germaniae
483 701 587 763 terras,
619 688 910 772 Asciburgiumque,
941 691 1081 773 quod-'m-

138 789 204 870 ripa
219 788 320 852 Rheni
344 789 436 853 situm
459 788 610 871 hodieque
632 788 838 863 incolitur,ab
853 789 906 851 illo
928 793 1078 854 constitu·

139 901 205 952 tum
224 891 485 971 nominatumque.
530 891 624 952 Aram
646 891 720 972 quin
742 891 835 951 etiam
861 889 945 954 Ulixi
967 911 1077 954 conse·

139 1003 262 1064 cratem,
287 989 405 1072 adjecto
434 987 563 1052 Laertae
590 991 682 1069 patris
706 991 838 1063 nomine,
870 989 979 1052 eodem
1009 991 1077 1055 loco

139 1089 211 1152 olim
236 1103 395 1170 repertam,
422 1102 679 1172 monumentaque
703 1101 733 1151 et
761 1089 896 1151 tumulos
926 1091 1075 1172 quosdam

140 1188 269 1253 Graecis
304 1191 410 1252 litteris
454 1191 614 1269 inscriptos
654 1191 685 1251 in
721 1190 853 1251 confinio
890 1188 1075 1254 Germaniae

139 1290 350 1374 Rhaetiaeque
373 1290 473 1352 adhuc
495 1302 634 1352 exstare:
665 1311 743 1371 quae
766 1311 866 1372 neque
895 1290 1075 1354 confirmare

137 1393 335 1474 argumentis,
351 1411 451 1471 neque
469 1387 608 1451 refellere
630 1390 661 1451 in
683 1391 784 1451 animo
800 1402 868 1452 est:
893 1410 931 1451 ex
952 1390 1076 1472 iugenio

139 1513 195 1553 suo
210 1493 340 1573 quisque
355 1490 467 1564 demat,
483 1488 532 1550 vel
548 1488 638 1551 addat
653 1489 756 1551 fidem.

181 1589 236 1653 IV.
260 1591 331 1671 Ipse
347 1611 451 1653 eorum
469 1590 660 1678 opinionibus
681 1588 804 1664 accedo,
820 1590 873 1671 qui
889 1587 1075 1654 Germaniae

137 1691 266 1775 populos
282 1691 373 1752 nullis
388 1689 455 1751 aliis
474 1690 601 1752 aliarum
624 1691 781 1753 nationum
796 1689 956 1753 connubiis
979 1690 1074 1754 infec-

137 1803 184 1852 tos
199 1792 350 1871 propriam
365 1801 396 1851 et
411 1789 559 1852 sinceram
581 1804 612 1853 et
634 1803 751 1852 tantum
773 1791 823 1852 sui
845 1790 979 1853 similem
1000 1811 1075 1873 gea·

137 1904 199 1954 tem
235 1891 388 1952 exstitisse
424 1891 628 1953 arbitrantur:
666 1892 747 1954 unde
792 1891 915 1953 habitus
950 1913 1074 1975 quoque

137 2013 308 2071 corporum,
324 2013 496 2076 quanquam
512 1993 543 2053 iu
567 2005 651 2054 tanto
665 1991 823 2054 hominum
837 2013 975 2067 numero,
991 1993 1075 2055 idern

137 2093 305 2169 omnibus;
335 2105 437 2156 truces
467 2105 497 2154 et
534 2093 667 2155 caerulei
697 2093 787 2166 oculi,
817 2093 925 2155 rutilae
955 2115 1072 2170 comae,

136 2214 247 2276 magna
262 2215 387 2274 corpora
402 2207 432 2254 et
453 2207 570 2256 tantum
592 2193 631 2256 ad
653 2195 801 2274 impetum
816 2193 937 2268 valida;
961 2193 1075 2257 laboris

137 2306 228 2376 atque
244 2314 370 2373 operum
386 2315 444 2354 non
461 2294 568 2355 eadem
590 2295 755 2374 patientia:
779 2293 968 2375 minimeque
990 2295 1074 2358 sitim

136 2405 317 2475 aestumque
333 2393 470 2467 tolerare,
486 2393 598 2475 frigora
613 2408 704 2477 atque
719 2394 853 2456 inediam
867 2393 954 2456 coelo
968 2394 1073 2458 solove

136 2507 345 2557 assueverunt.

178 2592 217 2656 V.
241 2593 348 2668 Terra,
363 2593 421 2655 etsi
436 2593 589 2675 aliquanto
604 2595 709 2676 specie
723 2591 833 2668 differt,
849 2594 880 2655 in
894 2594 1072 2656 universum

136 2707 238 2757 tamen
252 2707 306 2757 aut
327 2695 412 2758 silvis
437 2694 556 2756 horrida
578 2707 630 2756 aut
653 2693 815 2773 paludibus
838 2693 950 2756 foeda:
973 2693 1072 2757 humi-

135 2795 210 2869 dior,
227 2817 289 2876 qua
305 2795 443 2868 Gallias3
466 2795 627 2867 ventosior,
644 2816 705 2876 qua
720 2793 869 2857 Noricum
892 2815 928 2856 ac
950 2793 1073 2857 Panno·

136 2896 218 2957 niam
254 2897 386 2975 aspicit:
425 2896 498 2956 satis
534 2894 643 2969 ferax;
681 2893 895 2976 frugiferarum
930 2895 1072 2957 arborum

137 2995 320 3085 impatiens:
346 3004 493 3077 p'ecorum
516 2994 657 3069 fecunda,
681 2995 736 3057 sed
757 2995 939 3076 plerumque
960 2995 1072 3075 impro-

137 3115 227 3168 cera3
260 3115 298 3154 ue
327 3095 472 3155 armentis
498 3095 623 3176 quidem
658 3117 733 3157 suus
765 3095 868 3169 honor,
897 3106 950 3157 aut
977 3095 1073 3178 gloria

137 3194 242 3256 frontis
257 3215 263 3254 :
288 3214 415 3256 numero
429 3195 582 3276 gaudent3
607 3216 723 3277 eaeque
740 3195 822 3257 solae
836 3206 867 3257 et
879 3195 1072 3278 gratissimae

136 3315 211 3374 opes
237 3307 317 3356 sunt.
362 3296 533 3377 Argentum
557 3308 588 3357 ct
609 3316 717 3357 aurum
737 3297 858 3379 propitii
879 3317 918 3357 an
940 3295 1007 3357 irati
1029 3295 1071 3358 dii

135 3397 320 3477 negaverint,
336 3396 452 3458 dubito.
497 3396 566 3458 Nec
589 3410 691 3457 tamen
714 3395 937 3469 affirmaverim,
953 3395 1071 3458 nullam

137 3491 320 3557 Germaniae
344 3517 453 3558 venam
476 3508 635 3578 argentum
660 3517 807 3557 aurumve
830 3497 978 3578 gignere:
1002 3496 1072 3576 quis

135 3596 217 3658 enim
233 3607 384 3657 scrutatus
400 3595 468 3657 estl
491 3597 686 3675 possessione
707 3609 737 3658 et
759 3617 819 3657 usu
843 3594 924 3657 haud
946 3594 1072 3678 perinde

133 3695 317 3759 afficiuntur.
361 3695 420 3758 Est
455 3696 558 3758 videre
593 3696 674 3778 apud
710 3697 778 3758 illos
807 3707 951 3778 argentea
986 3715 1071 3770 vasa,

133 3795 243 3880 legatis
258 3810 288 3860 et
302 3797 490 3882 principibus
512 3819 618 3861 eorum
644 3799 763 3861 muneri
786 3798 866 3872 data,
882 3817 944 3860 non
957 3796 990 3859 iu
1011 3795 1072 3861 alie
