2424 4388
492 443 532 486 nn
557 443 736 487 canutum.
1045 439 1083 496 17

141 607 204 671 que
218 586 346 649 aliarum
367 588 504 669 gentium
527 587 706 649 adventibus
729 598 760 648 et
781 586 921 667 hospitiis
944 589 1079 663 mixtos;

140 688 215 770 quia
236 709 293 750 nec
315 700 393 749 terra
415 687 497 760 olim,
513 687 567 748 sed
590 687 741 749 classibus
764 688 1000 763 advehebantur,
1024 691 1077 771 qui

140 800 260 848 mutare
285 786 374 847 sedes
395 786 602 867 quaerebant:
627 799 657 847 et
679 787 848 849 immensus
873 785 961 862 ultra,
983 801 1079 870 utque

141 887 188 948 sic
216 886 354 958 dixerim,
383 885 530 947 adversus
556 884 701 947 Oceanus
723 888 798 948 raris
820 887 859 948 ab
882 887 954 948 orbe
976 900 1078 948 nostro

140 985 270 1047 navibus
286 985 393 1048 aditur.
439 983 519 1056 Quis
534 1005 631 1064 porm,
648 997 766 1063 praeter
781 986 951 1065 periculum
967 986 1078 1050 horridi

140 1097 172 1147 et
200 1085 294 1168 ignoti
322 1086 425 1158 maris,
454 1084 530 1145 Asia
558 1096 611 1146 aut
640 1084 744 1146 Africa
765 1097 818 1146 aut
844 1085 931 1148 Italia
961 1087 1076 1162 relicta,

141 1184 338 1246 Germaniam
361 1183 502 1267 peteret?
528 1183 688 1246 informem
710 1186 807 1259 terris,
824 1207 965 1268 asperam
981 1188 1078 1261 coele,

140 1273 259 1346 tristem
271 1283 354 1345 cultu
369 1295 568 1364 aspectuque,
585 1284 642 1344 nisi
660 1284 685 1343 si
701 1284 798 1366 patria
819 1284 867 1345 sit.
914 1282 1078 1347 Celebrant

140 1383 326 1445 carminibus
348 1383 481 1464 antiquis
496 1382 593 1464 (quod
615 1404 711 1444 unum
726 1383 807 1461 apud
829 1383 898 1444 illos
912 1386 1077 1446 memoriae

140 1496 171 1545 et
180 1483 332 1545 annalium
348 1504 446 1566 genus
462 1482 523 1561 est)
535 1482 725 1545 Tuisconem
740 1483 833 1545 deum
856 1496 934 1545 terra
950 1484 1075 1560 editum,

140 1596 170 1646 et
203 1583 300 1645 lilium
331 1582 491 1655 Mannum,
523 1583 672 1664 originem
700 1584 801 1665 gentis
831 1583 1075 1665 conditoresque.

140 1684 255 1746 Manno
269 1697 331 1745 tres
345 1683 424 1744 filios
440 1684 605 1765 assignant,
619 1704 635 1744 e
648 1705 777 1765 quorum
793 1684 966 1746 nominibus
978 1686 1076 1764 proxi·

138 1785 181 1846 mi
195 1782 319 1845 Oceano
334 1782 534 1865 Ingaevones,
550 1782 643 1844 medii
660 1781 855 1859 Hermiones,
873 1786 966 1847 ceteri
979 1784 1075 1847 Istae·

138 1905 233 1946 vones
255 1895 411 1945 vocentur.
455 1882 590 1955 Quidam
619 1896 732 1957 autem,
756 1883 878 1946 licentia
903 1889 1073 1961 vetustatis,
1144 1888 1148 1895 ’

137 1985 241 2064 plures
250 1983 308 2045 deo
317 1996 397 2045 ortos
412 1983 576 2064 pluresque
591 1985 690 2065 gentis
701 1984 930 2067 appellationes,
941 1983 1075 2060 Marsos,

139 2084 343 2168 Gambrivios,
361 2083 490 2158 Suevos,
507 2082 682 2159 Vandalios,
697 2083 867 2160 affirmant;
891 2107 987 2168 eaque
1003 2107 1074 2150 vera

138 2199 168 2248 et
190 2187 314 2266 antiqua
336 2185 469 2245 nomina.
515 2181 663 2246 Ceterum
688 2183 873 2249 Germaniae
888 2187 1073 2249 vocabulum

137 2306 245 2348 recens
260 2298 291 2347 et
304 2306 401 2365 nuper
415 2283 552 2346 additum
565 2306 573 2360 ;
589 2285 742 2367 quoniam,
759 2287 811 2367 qui
826 2287 915 2366 primi
928 2285 1073 2350 Rhenum

138 2387 321 2469 transgressi
344 2384 452 2447 Gallos
481 2385 660 2465 expulerint,
684 2407 720 2448 ac
742 2407 822 2449 nunc
846 2386 976 2470 Tungri,
999 2400 1073 2451 tunc

138 2486 285 2551 Germani
305 2485 405 2548 vocati
435 2485 518 2547 sint:
553 2487 595 2548 ita
615 2487 744 2548 nationis
765 2509 886 2562 nomen,
918 2509 979 2550 non
999 2509 1073 2570 gen·

136 2589 176 2650 tis
192 2587 344 2648 evaluisse
361 2581 569 2666 paulatimut
590 2607 696 2648 omnes
718 2588 851 2665 primurn
873 2589 1018 2649 avictore
1034 2588 1072 2649 ob

136 2699 265 2761 metum,
281 2708 351 2748 mox
366 2708 384 2748 a
406 2687 515 2767 seipsis
537 2688 660 2748 invento
680 2687 802 2747 nomine
820 2684 968 2748 Germani
983 2709 1072 2750 voca·

136 2802 249 2850 rentur.

180 2887 240 2950 III.
263 2886 374 2950 Fuisse
397 2887 477 2968 apud
498 2909 551 2949 eos
574 2899 604 2948 et
626 2885 797 2949 Herculem
819 2901 996 2964 memorant,
1012 2892 1071 2971 pri-

136 3010 282 3071 mumque
298 2989 436 3050 omnium
449 2991 584 3050 virorum
598 2987 721 3049 fortium
740 2989 807 3050 ituri
832 2990 861 3050 in
884 2991 998 3070 proelia
1021 3013 1071 3054 ca·

135 3102 220 3152 nunt.
268 3088 347 3150 Sunt
361 3088 422 3150 illis
437 3085 513 3150 haec
528 3109 649 3169 quoque
662 3089 805 3163 carmina,
819 3111 947 3171 quorum
963 3092 1069 3166 relatu,

135 3211 229 3272 quem
250 3189 382 3250 baritum
403 3200 521 3261 vocant,
545 3188 715 3250 accendunt
737 3190 865 3264 animos,
888 3190 1069 3273 futuraeque

134 3310 255 3371 pugnae
271 3288 421 3350 fortunam
437 3290 505 3372 ipso
519 3302 609 3350 cautu
632 3301 837 3370 augurantur:
862 3303 973 3352 terrent
987 3294 1069 3355 enim

135 3391 332 3471 trepidantve,
348 3402 437 3472 prout
452 3392 553 3451 sonuit
575 3391 667 3451 acies
712 3389 744 3450 N
746 3411 781 3451 ec
804 3403 866 3452 tarn
881 3413 972 3453 voces
988 3393 1068 3467 illae,

135 3513 227 3573 quarn
253 3492 372 3553 virtutis
399 3502 564 3552 concentus
593 3491 742 3552 videntur.
786 3491 957 3554 Affectatur
984 3515 1069 3573 prae-

135 3591 224 3671 cipue
251 3592 397 3670 asperitas
420 3590 486 3652 soni
508 3601 539 3651 et
560 3590 689 3651 fractum
712 3613 858 3666 murmur,
882 3593 1008 3674 objectis
1030 3593 1069 3654 ad

135 3713 169 3753 os
186 3693 291 3766 scutis,
308 3713 369 3773 quo
383 3691 500 3771 plenior
521 3703 551 3753 et
572 3693 691 3774 gravior
705 3713 764 3753 vox
785 3712 966 3772 repercussu
990 3692 1068 3751 intu-

135 3805 263 3856 mescat.
308 3792 454 3854 Ceterum
470 3805 500 3855 ct
517 3792 637 3856 Ulixem
653 3793 777 3874 quidam
798 3794 956 3871 opinantur
977 3791 1068 3875 longo
