2424 4388
531 453 697 501 sericeas.
1036 430 1084 502 ‘bb

141 603 274 688 addique
293 604 419 685 insuper
440 605 623 684 opinionem,
648 605 768 683 Syriam
790 605 977 685 provinciam
992 607 1082 690 Agri·-

141 706 227 767 colae
251 704 405 779 destinari,
428 725 557 766 vacuam
586 716 652 766 tum
680 716 776 767 morte
799 706 885 767 Atilii
906 704 994 768 Rufi·
1010 727 1080 770 con-

140 804 253 866 sularis
273 816 303 866 et
324 803 489 886 majoribus
511 817 707 866 reservatam.
754 804 920 868 Credidere
942 806 1079 890 plerique

138 902 285 965 libertum
321 923 360 964 ex
395 903 611 964 secretioribus
654 905 831 967 ministeriis
874 907 1005 968 missum
1041 907 1080 969 ad

138 1004 317 1086 Agricolam
340 1003 508 1076 codicillos,
525 1004 637 1084 quibus
660 1005 688 1066 ci
712 1004 802 1088 Syria
819 1005 955 1081 dabatur,
971 1007 1078 1070 tulisse

138 1125 213 1166 cum
236 1116 408 1187 praecepta,
425 1116 469 1178 ut,
486 1105 511 1165 si
534 1105 564 1165 in
588 1102 744 1166 Britannia
765 1104 851 1180 foret,
867 1105 1076 1170 traderentur:

137 1224 274 1286 cumque
316 1204 458 1266 libertum
502 1205 533 1265 in
576 1205 643 1284 ipso
681 1205 758 1267 freto
795 1203 912 1268 Oceani
955 1207 1078 1270 obvium

138 1304 313 1388 Agricolae,
343 1326 381 1366 ne
411 1305 563 1388 appellato
584 1304 709 1386 quidem
739 1326 784 1380 eo,
808 1305 846 1368 ad
869 1305 1079 1370 Domitianum

136 1425 316 1468 remeasse:
341 1406 405 1468 sive
428 1426 536 1467 verum
557 1404 649 1479 istud,
666 1407 730 1467 sive
746 1427 784 1467 ex
798 1407 920 1488 ingenio
934 1408 1078 1487 principis

136 1505 246 1568 fictum
266 1527 303 1568 ac
325 1507 529 1586 compositum
552 1520 609 1569 est.
653 1506 834 1568 Tradiderat
856 1508 975 1571 interim
990 1509 1078 1591 Agn'-

137 1606 206 1669 cola
242 1607 414 1669 successori
444 1628 500 1668 suo
528 1607 715 1691 provinciam
744 1609 879 1689 quietam
909 1617 1077 1691 tutamque.

137 1708 195 1782 Ac,
213 1729 251 1769 ne
266 1707 407 1769 notabilis
429 1708 603 1770 celebritate
620 1720 650 1770 et
664 1707 834 1790 frequentia
854 1711 1077 1773 occurrentium

136 1807 277 1869 introitus
314 1820 406 1880 esset,
443 1809 536 1869 vitato
573 1809 740 1870 amicorum
777 1808 888 1883 officio,
918 1822 1010 1873 noctu
1047 1812 1075 1873 in

136 1907 256 1981 urbem,
280 1920 372 1970 noctu
395 1909 425 1970 in
456 1909 613 1989 palatium,
643 1911 684 1970 ita
713 1921 748 1971 ut
776 1924 973 1993 praeceptum
1002 1925 1075 1986 erat,

136 2010 242 2070 venit:
280 2021 488 2091 exceptusque
517 2010 602 2071 brevi
631 2011 737 2072 osculo
766 2023 796 2071 et
824 2011 907 2073 nullo
937 2034 1075 2075 sermone

137 2107 244 2170 turbae
267 2111 464 2172 servientium
487 2111 643 2172 immixtus
666 2123 723 2172 est.
770 2110 926 2185 Ceterum,
942 2126 976 2174 ut
997 2114 1076 2175 mili-

135 2222 200 2272 tare
223 2231 344 2284 nomen,
367 2232 459 2292 grave
481 2211 559 2272 inter
581 2212 703 2285 otiosos,
727 2213 795 2273 aliis
817 2212 978 2274 virtutibus
1000 2226 1076 2274 tem·

135 2323 265 2391 peraret,
294 2311 543 2394 tranquillitatem
572 2325 663 2395 atque
700 2314 795 2375 otium
824 2314 945 2393 penitus
982 2313 1075 2387 auxit,

135 2411 222 2473 cultu
251 2412 400 2486 modicus,
424 2434 564 2475 sermone
586 2413 695 2487 facilis,
719 2434 781 2475 uno
809 2425 861 2475 aut
887 2413 980 2475 altero
1002 2414 1076 2475 ami-

136 2533 244 2575 corum
271 2515 455 2589 comitatus;
486 2514 562 2576 adeo
592 2528 626 2577 ut
653 2516 791 2599 plerique
814 2516 926 2597 quibus
949 2535 1076 2597 magnos

137 2615 218 2676 viros
231 2635 287 2693 per
300 2615 497 2677 ambitionem
519 2618 680 2679 aestimare
702 2638 770 2678 mos
786 2628 841 2688 est,
858 2616 924 2676 viso
940 2627 1074 2694 aspecto-

135 2737 196 2798 que
234 2715 386 2798 Agricola,
416 2730 596 2798 quaererent
623 2717 746 2791 samam,
776 2717 866 2796 pauci
902 2717 1076 2794 interprete·

135 2830 248 2878 rentur.

179 2912 262 2979 XLI.
287 2917 399 2979 Crebro
410 2939 464 2998 per
486 2939 539 2980 eos
555 2917 621 2980 dies
643 2917 724 2998 apud
739 2917 948 2980 Domitianum
965 2918 1075 2980 absens

136 3030 311 3093 accusatus,
326 3021 437 3081 absens
460 3019 618 3081 absolutus
641 3033 698 3082 est.
744 3019 848 3082 Causa
873 3020 1001 3100 periculi
1016 3042 1076 3083 non

137 3120 252 3180 crimen
274 3119 372 3182 ullum
401 3132 453 3181 aut
475 3119 599 3201 querela
626 3120 703 3182 laesi
732 3121 923 3204 cujusquam,
948 3122 1002 3183 sed
1031 3123 1075 3184 in-

137 3219 243 3281 fensus
258 3220 421 3282 virtutibus
445 3221 586 3304 princeps
610 3234 640 3283 et
661 3222 757 3304 gloria
771 3222 826 3283 viri
849 3243 885 3283 ac
906 3223 1074 3302 pessimum

137 3320 330 3381 inimicorum
360 3341 469 3402 genus,
495 3321 663 3382 laudantes.
708 3320 751 3383 Et
772 3343 809 3382 ea
837 3323 976 3383 insecuta
1005 3336 1076 3384 sunt

136 3419 323 3498 reipublicae
346 3433 491 3500 tempora,
515 3442 593 3502 quae
618 3421 701 3484 sileri
723 3422 899 3504 Agricolam
921 3443 980 3483 non
996 3424 1075 3484 sine·

136 3531 224 3582 rent:
255 3533 298 3582 tot
320 3523 470 3584 exercitus
493 3523 524 3584 in
547 3521 668 3584 Moesia
690 3521 848 3604 Daciaque
864 3535 894 3583 et
910 3521 1077 3583 Germania

136 3619 366 3704 Pannoniaque,
397 3624 566 3685 temeritate
603 3635 655 3686 aut
691 3646 745 3704 per
780 3624 931 3706 ignaviam
960 3621 1075 3682 ducum

137 3721 263 3782 amissi:
300 3732 345 3783 tot
379 3721 526 3785 militares
554 3725 611 3786 viri
648 3745 718 3785 cum
747 3735 792 3785 tot
821 3720 995 3782 cohortibus
1024 3739 1075 3779 ex-

136 3822 264 3904 pugnati
286 3834 318 3884 et
341 3823 441 3903 capti:
464 3845 523 3886 nec
541 3824 605 3908 jam
626 3823 665 3886 de
688 3824 784 3886 limite
807 3820 925 3900 imperii
946 3831 978 3881 et
999 3820 1074 3900 ripa,
