2424 4388
134 410 177 468 δε
460 421 491 462 c.
515 416 610 461 cons.
634 416 744 460 ructat

135 569 218 657 quod
245 569 367 633 initium
395 579 540 637 venturae
568 587 640 629 mox
668 565 806 628 fortunae
834 563 912 628 fuit:
942 563 1079 627 domitae

134 685 253 758 gentes,
268 671 349 750 capti
364 689 464 752 reges,
479 681 511 730 et
524 666 709 731 monstratus
724 666 795 729 fatis
814 665 1035 746 Vespasianus.

179 770 269 836 XIV.
300 769 516 834 Consularium
544 769 662 849 primus
691 768 792 830 Aulus
822 766 964 830 Plautius
992 775 1080 847 prae-

136 875 265 956 positus,
289 893 325 934 ac
348 870 477 933 subinde
505 870 647 932 Ostorius
672 868 817 949 Scapula,
845 881 973 951 uterque
998 867 1081 930 bello

139 976 302 1058 egregius:
326 972 509 1054 redactaque
531 970 679 1051 paulatim
701 969 881 1032 informem
907 969 1082 1049 provinciae

138 1076 276 1156 proxima
297 1095 367 1154 pars
389 1072 583 1135 Britanniae:
607 1070 710 1132 addita
731 1071 856 1150 insuper
869 1083 1083 1133 veteranorum

140 1176 278 1239 colonia:
302 1174 454 1257 quaedam
476 1174 615 1235 civitates
632 1169 797 1255 Cogiduno
817 1173 882 1255 regi
898 1172 1027 1234 donatae
1041 1172 1083 1251 (is

140 1278 179 1340 ad
207 1288 341 1339 nostram
371 1296 470 1358 usque
499 1275 679 1336 memoriam
704 1273 873 1336 fidissimus
902 1272 1029 1353 mansit)
1050 1284 1085 1335 ut

140 1393 251 1442 retere·
272 1399 310 1440 ac
335 1377 399 1461 jam
427 1375 545 1456 pridem
573 1388 697 1455 recepta
724 1376 828 1459 populi
856 1375 990 1437 Romani
1013 1395 1084 1436 con-

142 1479 316 1554 suetudine,
345 1478 471 1540 haberet
507 1477 708 1539 instrumenta
741 1477 895 1539 servitutis
925 1487 956 1538 et
983 1496 1084 1558 reges.

143 1581 219 1645 Mox
234 1581 345 1643 Didius
362 1578 472 1641 Gallus
494 1589 580 1662 parta
594 1599 612 1638 a
626 1577 777 1662 prioribus
804 1579 961 1653 continuit,
976 1577 1085 1657 paucis

142 1681 308 1745 admodum
337 1680 471 1742 castellis
501 1680 532 1740 in
560 1678 704 1740 ulteriora
737 1679 893 1758 promotis,
923 1698 978 1758 per
1006 1698 1086 1759 quae

142 1783 225 1846 fama
261 1782 343 1844 aucti
379 1780 472 1843 officii
509 1794 715 1862 quaereretur.
768 1778 897 1842 Didium
933 1778 1086 1841 Veranius

142 1883 273 1963 excepit,
303 1881 391 1964 isque
428 1883 506 1944 intra
541 1903 655 1945 annum
691 1882 859 1944 exstinctus
896 1893 953 1943 est.
1008 1880 1089 1943 Sue·

143 1985 245 2046 tonius
275 1983 345 2044 hinc
367 1980 525 2046 Paullinus
554 1984 677 2045 biennio
705 2004 867 2066 prosperas
895 2004 946 2045 res
970 1981 1087 2058 habuit,

145 2085 281 2148 subactis
311 2085 484 2147 nationibus
514 2085 704 2166 firmatisque
733 2084 917 2164 praesidiis:
955 2105 1087 2166 quorum

144 2186 259 2250 fiducia
274 2186 401 2249 Monam
424 2186 566 2262 insulam,
582 2199 618 2249 ut
632 2186 711 2248 vires
733 2185 900 2248 rebellibus
915 2187 1088 2250 ministran-

143 2299 217 2361 tem,
234 2308 409 2372 aggressus‚
424 2300 512 2370 terga
527 2288 680 2350 occasioni
699 2286 853 2367 patefecit.
951 2325 955 2331 ·

187 2388 260 2452 XV.
285 2389 430 2472 Namque
446 2389 584 2451 absentia
598 2389 690 2472 legati
707 2403 823 2451 remoto
838 2402 932 2464 metu,
949 2388 1088 2452 Britanni

144 2492 259 2575 agitare
282 2493 360 2554 inter
382 2511 415 2552 se
444 2490 526 2552 mala
555 2491 719 2566 servitutis,
743 2490 879 2553 conferre
909 2479 1035 2574 injurias
1057 2502 1089 2554 et

144 2592 367 2672 interpretando
388 2590 574 2653 accendere:
598 2589 674 2652 nihil
688 2591 793 2674 profici
809 2591 962 2671 patientia,
979 2591 1039 2653 nisi
1054 2602 1090 2654 ut

144 2695 292 2777 graviora,
308 2707 452 2775 tanquam
478 2713 517 2754 ex
537 2691 620 2754 facili
646 2693 853 2767 tolerantibus,
877 2694 1086 2776 imperentur:

145 2796 283 2879 singulos
298 2795 357 2858 sibi
372 2796 445 2858 olirn
467 2816 556 2876 reges
571 2791 679 2869 fuisse,
695 2815 777 2856 nunc
799 2795 887 2857 binos
911 2796 1045 2874 imponi:
1070 2817 1088 2857 e

145 2898 258 2979 quibus
293 2897 413 2978 legatus
450 2897 490 2957 in'
518 2897 717 2978 sanguinem,
737 2908 914 2976 procurator
949 2898 980 2959 in
1007 2896 1090 2959 bona

146 2997 286 3058 saeviret.
346 2995 456 3076 Aeque
488 2995 671 3059 discordiam
707 2999 958 3077 praepositorum,
989 3002 1088 3081 aequb

146 3095 350 3170 concordiam,
365 3096 513 3178 subjectis
535 3099 715 3160 exitiosam:
739 3099 864 3161 alterius
886 3120 996 3161 manus
1016 3121 1088 3161 cen-

146 3198 292 3272 turiones,
308 3197 434 3260 alterius
458 3215 561 3261 servos
575 3201 646 3261 uim
669 3212 700 3261 et
722 3200 923 3263 contumelias
946 3202 1088 3263 miscere.-

147 3298 234 3361 Nilril
267 3298 331 3382 jam
367 3300 534 3380 cupiditati,
568 3300 642 3362 nihil
678 3301 796 3364 libidini
831 3293 1018 3382 exceptum:
1056 3305 1088 3366 in

146 3399 261 3480 proelio
286 3399 441 3464 fortiorem
464 3422 543 3475 esse,
567 3403 621 3484 qui
647 3402 774 3482 spoliet:
793 3415 886 3465 'nunc
908 3403 946 3465 ab
969 3406 1090 3487 ignaris

146 3500 328 3584 plerumque
343 3517 373 3565 et
388 3503 563 3566 imbellibus
587 3505 662 3584 eripi
676 3504 793 3578 domos,
810 3505 944 3567 abstrahi
964 3505 1087 3582 liberos,

146 3602 263 3685 injungi
291 3603 440 3678 delectus,
470 3617 616 3686 tanquam
652 3605 728 3667 mori
756 3617 872 3668 tantum
902 3627 958 3687 pro
991 3608 1090 3687 patria

146 3705 376 3767 nescientibus:
401 3703 582 3786 quantulum
611 3706 694 3767 enim
721 3707 867 3768 transisse
892 3707 1034 3783 militum,
1062 3711 1089 3772 si

148 3823 217 3865 sese
244 3803 381 3868 Britanni
410 3803 596 3868 numerent?
625 3807 670 3868 sic
700 3803 884 3870 Germanias
913 3811 1089 3873 excussisse
