2424 4388
459 466 466 481 ,-
485 441 527 488 ns
550 444 765 488 aarum..
1039 436 1077 494 to

137 585 372 666 vilitatequam
386 604 466 666 quae
481 582 576 647 humo
590 582 766 665 finguntur:
789 603 966 666 quanquam
986 604 1077 666 prox-

136 684 202 758 imi,
223 683 272 747 ob,
284 703 377 747 usum
398 683 663 756 commerciorum,
679 703 790 745 aurum
810 693 841 747 et
863 695 1023 765 argentum
1044 685 1077 746 in

136 783 236 866 pretio
261 781 382 855 habent,
409 781 586 863 formasque
610 780 758 862 quasdam
780 793 900 843 nostrae
926 764 1076 862 pecuniae

136 894 308 965 agnoscunt
344 893 436 964 atque
471 881 611 963 eligunt:
646 882 803 944 interiores
840 881 1010 962 simplicius
1045 896 1076 946 et

137 983 292 1064 antiquius
307 982 529 1062 permutatione
551 982 702 1044 mercium
723 994 859 1044 utuntur.
904 981 1075 1047 Pecuniam

135 1083 264 1163 probant
289 1093 425 1145 veterem
451 1093 482 1143 et
505 1081 558 1143 diu
583 1094 697 1156 notam,
724 1096 855 1144 serratos
880 1082 1072 1166 bigatosque.

132 1184 310 1273 Argentum
340 1203 480 1265 quoque,
507 1182 606 1264 magis
636 1202 729 1262 quam
758 1203 866 1244 aurum
895 1197 1073 1265 sequuntur,

136 1284 222 1346 nulla
237 1283 397 1347 affectione
412 1283 517 1358 animi,
534 1282 590 1344 sed
604 1283 676 1366 quia
694 1303 840 1344 numerus
862 1296 1074 1365 argenteorum

135 1379 256 1446 facilior
266 1385 336 1447 usui
352 1395 399 1446 est
412 1384 588 1464 promiscua
603 1403 638 1444 ac
653 1382 725 1445 vilia
738 1383 955 1446 mercantibus.

180 1483 236 1546 VI.
259 1483 310 1547 Ne
335 1484 450 1547 ferrum
472 1483 598 1565 quidem
622 1495 772 1563 superest,
799 1483 879 1546 sicut
901 1505 1072 1567 exgenere

136 1585 268 1648 telorum
283 1584 445 1669 colligitur.
490 1582 566 1647 Rari
581 1583 691 1667 gladiis
705 1597 758 1646 aut
772 1584 937 1667 majoribus
959 1585 1074 1650 lanceis

135 1698 284 1749 utuntur:
314 1687 427 1762 hastas,
451 1685 502 1748 vel
525 1687 661 1766 ipsorum
686 1686 835 1747 vocabulo
864 1685 996 1750 frameas
1021 1709 1073 1771 ge·

135 1799 215 1860 runt,
232 1800 363 1870 angusto
387 1798 418 1848 et
437 1787 523 1848 brevi
545 1785 625 1848 ferro
648 1785 702 1847 sed
728 1786 771 1848 ita
793 1787 854 1848 acri
870 1797 901 1848 et
920 1786 960 1850 ad
981 1809 1074 1852 usum

136 1887 240 1963 habili,
258 1899 293 1950 ut
315 1887 425 1950 eodem
446 1886 517 1961 telo,
532 1898 622 1967 prout
642 1887 719 1948 ratio
741 1888 849 1970 poscit,
865 1888 914 1949 vel
933 1890 1073 1952 cominus

135 1987 185 2050 vel
214 1989 336 2050 eminus
363 1997 524 2070 pugnent:
561 1999 591 2048 et
619 2007 715 2069 eques
745 1986 870 2068 quidem
899 2000 986 2051 scuto
1014 1989 1073 2052 fra·

134 2109 267 2172 meaque
292 2100 453 2150 contentus
479 2100 548 2149 est:
571 2085 690 2167 pedites
713 2101 744 2149 et
764 2088 894 2150 missilia
917 2103 1071 2173 spargunt,

135 2188 223 2271 plura
248 2189 371 2271 singuli,
397 2200 489 2271 atque
512 2188 545 2250 in
566 2189 753 2250 immensum
774 2185 902 2264 uibrant,
925 2189 999 2252 nudi
1020 2205 1074 2254 aut

136 2289 246 2372 sagulo
269 2287 366 2352 leves.
410 2287 505 2350 Nulla
539 2288 641 2350 cultus
663 2288 809 2371 jactatio;
842 2301 930 2352 scuta
954 2301 1073 2353 tantum

135 2390 313 2453 lectissimis
331 2388 484 2452 coloribus
505 2387 716 2472 distinguunt:
739 2391 847 2470 paucis
869 2390 999 2453 loricae:
1022 2393 1073 2455 vix

135 2490 189 2552 uni
213 2489 337 2551 alterive
360 2488 458 2551 cassis
480 2502 532 2551 aut
554 2488 652 2570 galea.
697 2488 781 2570 Equi
802 2511 862 2551 non
883 2489 990 2565 forma,
1013 2512 1073 2553 non

135 2589 297 2652 velocitate
313 2588 493 2672 conspicui:
518 2589 573 2651 sed
588 2609 646 2650 nec
660 2589 776 2650 variare
797 2610 888 2670 gyros
903 2591 934 2651 in
956 2610 1073 2654 morem

135 2701 274 2751 nostrum
288 2687 445 2751 docentur.
492 2688 527 2750 ln
542 2698 671 2761 rectum,
688 2699 741 2748 aut
763 2708 825 2748 uno
847 2686 929 2750 flexu
951 2686 1072 2751 dextros

136 2801 232 2872 agunt
254 2789 296 2851 ita
320 2788 482 2871 conjuncto
504 2789 587 2863 orbe,
603 2798 638 2850 ut
661 2808 752 2849 uerno
774 2788 922 2867 posterior
943 2789 992 2852 sit.
1036 2788 1071 2852 In

135 2890 314 2954 universum
341 2888 523 2963 aestimanti,
547 2887 617 2967 plus
647 2907 742 2970 penes
770 2886 905 2966 peditem
933 2888 1071 2953 roboris:

136 3010 236 3072 eoque
251 2989 338 3051 mixti
356 2988 550 3079 proeliantur,
566 3000 637 3068 apta
658 2999 689 3050 et
703 3000 888 3070 congruente
910 2989 948 3052 ad
963 3011 1072 3072 eques·

135 3104 215 3153 trem
229 3110 365 3172 pugnam
378 3088 539 3151 velocitate
553 3089 702 3169 pediturn,
718 3111 796 3171 quos
811 3110 850 3152 ex
864 3091 946 3153 omni
955 3079 1072 3174 ¹Juven-

135 3202 202 3254 tute
216 3190 352 3252 delectos
374 3200 444 3252 ante
466 3190 565 3252 aciem
586 3189 696 3252 locant.
740 3189 893 3252 Definitur
914 3203 945 3252 et
965 3213 1073 3254 nume·

135 3312 209 3353 rus:
240 3290 360 3353 centeni
390 3308 429 3350 ex
457 3289 587 3372 singulis
615 3291 704 3371 pagis
733 3302 828 3351 sunt:
857 3289 948 3372 idque
971 3292 1072 3371 ipsum

135 3392 214 3453 inter
228 3411 301 3452 suos
317 3402 482 3466 vocantur3
507 3400 538 3451 et
551 3389 633 3472 quod
647 3391 746 3469 primo
768 3410 914 3452 numerus
929 3391 996 3466 fuit,
1009 3391 1073 3474 jam

135 3512 247 3553 nomen
272 3503 304 3553 et
324 3490 418 3552 honor
442 3503 498 3552 est.
542 3491 637 3553 Acies
659 3511 714 3574 per
735 3511 850 3552 cuneos
873 3492 1073 3571 componitur.

137 3591 257 3654 Cedere
279 3588 357 3665 loco,
380 3589 547 3652 dummodo
568 3612 675 3652 rursus
703 3591 808 3664 instes,
839 3591 959 3652 consilii
979 3612 1074 3672 quam

134 3691 304 3754 formidinis
341 3691 531 3752 arbitrantur.
577 3689 715 3774 Corpora
751 3711 877 3752 suorum
913 3690 1006 3751 etiam
1041 3692 1073 3753 in

135 3790 238 3854 dubiis
263 3790 387 3871 proeliis
416 3789 560 3852 referunt.
621 3789 752 3852 Scutum
787 3788 958 3868 reliquisse,
987 3810 1060 3870 praa
