2424 4388
136 361 179 421 60
461 377 490 417 c.
514 375 610 417 coar.
634 374 744 416 raeiri

178 521 318 587 XXVII.
343 523 443 605 Cujus
466 523 635 584 constantia
657 543 694 583 ac
708 521 790 584 fama
804 522 891 584 ferox
913 525 1079 599 exercitus,

135 623 211 689 nihil
232 625 334 686 virtuti
363 644 436 685 suae
459 624 597 685 invium:
623 621 841 703 penetrandam
865 621 1079 700 Caledoniam,

136 722 413 805 inveniendumque
442 722 565 785 tandem
594 720 767 783 Britanniae
803 723 970 788 terminum
1006 744 1080 785 con·

136 824 221 886 tinuo
246 823 430 903 proeliorum
452 843 555 895 cursu,
579 821 767 883 fremebant:
792 834 884 903 atque
912 822 957 884 illi
986 823 1080 886 modo

137 924 217 985 cauti
234 945 270 986 ac
285 907 447 1003 sapientes,
463 922 594 1005 prompti
615 934 686 1005 post
707 935 851 983 eventum
872 943 909 983 ac
928 922 1078 1006 magnilo-

136 1025 190 1107 qui
212 1037 307 1086 erant.
352 1023 550 1106 Iniquissima
572 1021 649 1085 haec
676 1021 828 1085 bellorum
851 1024 984 1085 conditio
1010 1037 1077 1087 est:

134 1145 280 1208 prospera
306 1145 412 1186 omnes
439 1125 497 1186 sibi
519 1123 681 1199 vindicant,
701 1123 829 1185 adversa
852 1124 904 1186 uni
926 1125 1078 1205 imputan-

135 1238 194 1290 tur,
239 1226 281 1288 At
307 1224 441 1288 Britanni
466 1247 525 1287 non
548 1226 668 1300 virtute,
693 1224 748 1287 sed
770 1226 932 1287 occasione
958 1238 989 1288 et
1014 1239 1078 1289 arte

135 1326 224 1390 ducis
250 1328 315 1402 rati,
341 1325 416 1388 nihil
443 1347 481 1387 ex
506 1325 675 1407 arrogantia
700 1325 863 1399 remittere,
887 1347 949 1407 quo
975 1327 1078 1389 minus

140 1427 332 1512 juventutem
353 1439 513 1500 armarent,
530 1425 676 1509 conjuges
699 1447 736 1487 ac
757 1426 870 1488 liberos
886 1427 915 1487 in
931 1426 1000 1489 loca
1014 1440 1080 1490 tuta

135 1529 340 1604 transferrent,
378 1527 517 1590 coetibus
554 1547 590 1588 ac
627 1526 785 1589 sacrificiis
822 1527 1078 1606 conspirationem

136 1631 294 1694 civitatum
309 1631 475 1692 sancirent:
498 1640 589 1710 atqua
604 1628 646 1690 ita
661 1628 782 1690 irritatis
798 1629 951 1710 utrimque
967 1630 1078 1691 animis

136 1730 320 1793 discessum.

179 1828 335 1892 XXVIII.
365 1827 486 1892 Eadem
521 1842 636 1892 aestate
666 1830 774 1892 cohors
804 1829 995 1915 Usipiorum,
1024 1854 1080 1913 per

138 1931 321 1994 Germanias
361 1933 551 2017 conscriptae
592 1937 624 1994 in
662 1931 849 1995 Britanniam
888 1935 1077 2010 transmissa,

136 2053 284 2114 magnum
312 2053 348 2093 ac
378 2033 575 2095 memorabile
604 2032 724 2095 facinus
756 2055 831 2094 ausa
855 2045 918 2095 est.
963 2034 1080 2098 Occiso

137 2133 312 2195 centurione
332 2155 368 2195 ac
390 2133 549 2208 militibus,
566 2135 617 2216 qui
633 2134 671 2195 ad
687 2133 864 2196 tradendam
885 2135 1080 2215 disciplinam

137 2234 266 2297 immixti
281 2233 446 2318 manipulis
473 2234 647 2314 exemplum
671 2247 701 2296 et
721 2248 855 2297 rectores
878 2235 1077 2314 habebantur,

137 2346 198 2398 tres
213 2334 389 2410 liburnicas,
406 2335 522 2397 adactis
546 2337 676 2415 pervim
691 2336 954 2418 gubernatoribus,
971 2359 1079 2401 ascen-

136 2434 233 2499 dere:
271 2447 302 2497 et
333 2457 393 2497 uno
429 2436 607 2518 remigante,
638 2438 791 2516 suspectis
820 2437 941 2499 duobus
978 2460 1078 2521 eoque

137 2535 313 2610 interfectis,
343 2535 479 2599 nondum
516 2536 638 2619 vulgato
674 2559 795 2598 rumore
825 2551 859 2600 ut
894 2539 1080 2602 miraculum

136 2636 415 2717 praevehebantur:
443 2658 516 2698 mox
544 2636 601 2698 hac
630 2650 721 2718 atque
750 2638 801 2700 illa
830 2641 915 2719 rapti,
946 2652 977 2702 et
1005 2662 1078 2703 cum

135 2736 287 2820 plerisque
303 2737 526 2813 Britannorum,
543 2760 599 2800 sua
613 2738 848 2814 defensantium,
864 2739 980 2820 proelio
1006 2764 1079 2803 con-

136 2840 245 2920 gressi,
268 2860 305 2900 ac
328 2861 419 2919 saepe
441 2841 582 2915 victores,
605 2840 768 2922 aliquando
789 2841 880 2921 pulsi,
904 2863 941 2903 eo
965 2843 1003 2905 ad
1026 2865 1078 2905 ex·

137 2949 270 3002 tremum
292 2939 411 3019 inopiae
426 2961 547 3014 venere,
565 2954 598 3003 ut
613 2941 837 3003 infirmissimos
853 2964 989 3016 suorum,
1005 2965 1079 3006 mox

137 3050 217 3099 sorte
252 3038 371 3113 ductos,
402 3023 607 3104 vescereniur.
662 3043 764 3124 Atque
801 3043 842 3105 ita
878 3045 1078 3107 circumvecti

138 3136 337 3213 Britanniam,
367 3141 489 3202 amissis
517 3164 573 3222 per
600 3145 751 3224 inscitiam
780 3144 906 3227 regendi
937 3146 1076 3221 navibus,

136 3259 191 3316 pro
227 3227 436 3318 praedonibus
462 3241 566 3319 habiti,
596 3245 729 3324 primum
759 3266 777 3306 a
806 3245 929 3320 Suavis,
959 3268 1032 3309 mox
1059 3269 1079 3310 a

137 3335 245 3399 Frisiis
261 3339 418 3420 intercepti
442 3355 530 3405 sunt:
555 3366 591 3407 ac
606 3345 701 3418 fuere,
718 3367 796 3428 quos
818 3368 872 3426 per
893 3349 1079 3410 commercia

136 3438 338 3501 venumdatos
368 3453 398 3502 et
427 3444 457 3504 in
484 3457 619 3512 nostram
648 3467 747 3527 usqua
777 3449 874 3530 ripam
909 3449 1078 3510 mutatione

137 3539 305 3602 ementium
327 3541 485 3618 adductos,
502 3544 648 3608 indicium
664 3549 738 3609 tanti
754 3569 845 3610 casus
861 3548 1034 3612 illustravit.

178 3634 294 3700 XXDI.
318 3641 408 3704 Initio
431 3645 554 3706 aestatis
577 3646 730 3728 Agricola,
756 3647 926 3711 domestico
951 3649 1077 3712 vulnere

137 3738 227 3815 ictus,
243 3762 322 3802 anno
344 3755 413 3807 ante
436 3756 541 3806 natum
563 3745 660 3808 filium
683 3749 794 3833 amisit.
842 3747 946 3821 Quem
968 3770 1078 3814 casum
