<?xml version="1.0" encoding="UTF-8"?>
<!DOCTYPE html PUBLIC "-//W3C//DTD XHTML 1.0 Transitional//EN"
    "http://www.w3.org/TR/xhtml1/DTD/xhtml1-transitional.dtd">
<html xmlns="http://www.w3.org/1999/xhtml" xml:lang="en" lang="en">
 <head>
  <title>
</title>
<meta http-equiv="Content-Type" content="text/html;charset=utf-8" />
  <meta name='ocr-system' content='tesseract 3.04.00' />
  <meta name='ocr-capabilities' content='ocr_page ocr_carea ocr_par ocr_line ocrx_word'/>
</head>
<body>
  <div class='ocr_page' id='page_1' title='image "./germaniaandagri00tacigoog/germaniaandagri00tacigoog_0047.png"; bbox 0 0 2424 4388; ppageno 0'>
   <div class='ocr_carea' id='block_1_1' title="bbox 135 402 751 471">
    <p class='ocr_par' dir='ltr' id='par_1_1' title="bbox 135 402 751 471">
     <span class='ocr_line' id='line_1_1' title="bbox 135 402 751 471; baseline -0.002 -13"><span class='ocrx_word' id='word_1_1' title='bbox 135 402 177 471; x_wconf 61' lang='lat'><strong>28</strong></span> <span class='ocrx_word' id='word_1_2' title='bbox 444 416 474 458; x_wconf 88' lang='lat' dir='ltr'><strong>c.</strong></span> <span class='ocrx_word' id='word_1_3' title='bbox 498 415 751 459; x_wconf 72' lang='lat' dir='ltr'><strong>coenaremus</strong></span> 
     </span>
    </p>
   </div>
   <div class='ocr_carea' id='block_1_2' title="bbox 52 561 1074 3833">
    <p class='ocr_par' dir='ltr' id='par_1_2' title="bbox 133 561 1074 846">
     <span class='ocr_line' id='line_1_2' title="bbox 133 561 1074 646; baseline 0.003 -19"><span class='ocrx_word' id='word_1_4' title='bbox 133 564 247 629; x_wconf 89' lang='lat' dir='ltr'><strong>mori:</strong></span> <span class='ocrx_word' id='word_1_5' title='bbox 271 574 302 629; x_wconf 90' lang='lat' dir='ltr'><strong>et</strong></span> <span class='ocrx_word' id='word_1_6' title='bbox 315 561 463 646; x_wconf 82' lang='lat' dir='ltr'><strong>poscendi</strong></span> <span class='ocrx_word' id='word_1_7' title='bbox 477 563 609 626; x_wconf 87' lang='lat' dir='ltr'><strong>invicem</strong></span> <span class='ocrx_word' id='word_1_8' title='bbox 624 561 732 625; x_wconf 90' lang='lat' dir='ltr'><strong>eadem</strong></span> <span class='ocrx_word' id='word_1_9' title='bbox 746 562 887 629; x_wconf 77' lang='lat' dir='ltr'><strong>facilitas.</strong></span> <span class='ocrx_word' id='word_1_10' title='bbox 927 562 1074 633; x_wconf 80' lang='lat' dir='ltr'><strong>Gaudent</strong></span> 
     </span>
     <span class='ocr_line' id='line_1_3' title="bbox 134 663 1073 747; baseline 0.001 -18"><span class='ocrx_word' id='word_1_11' title='bbox 134 664 334 729; x_wconf 79' lang='lat' dir='ltr'><strong>muneribus:</strong></span> <span class='ocrx_word' id='word_1_12' title='bbox 372 663 427 726; x_wconf 91' lang='lat' dir='ltr'><strong>sed</strong></span> <span class='ocrx_word' id='word_1_13' title='bbox 463 684 520 725; x_wconf 92' lang='lat' dir='ltr'><strong>uec</strong></span> <span class='ocrx_word' id='word_1_14' title='bbox 548 663 618 726; x_wconf 90' lang='lat' dir='ltr'><strong>data</strong></span> <span class='ocrx_word' id='word_1_15' title='bbox 654 665 813 743; x_wconf 78' lang='lat' dir='ltr'><strong>imputant,</strong></span> <span class='ocrx_word' id='word_1_16' title='bbox 842 685 901 727; x_wconf 89' lang='lat' dir='ltr'><strong>nec</strong></span> <span class='ocrx_word' id='word_1_17' title='bbox 936 668 1073 747; x_wconf 84' lang='lat' dir='ltr'><strong>acceptis</strong></span> 
     </span>
     <span class='ocr_line' id='line_1_4' title="bbox 135 761 857 846; baseline 0.001 -20"><span class='ocrx_word' id='word_1_18' title='bbox 135 763 316 845; x_wconf 84' lang='lat' dir='ltr'><strong>obligantur.</strong></span> <span class='ocrx_word' id='word_1_19' title='bbox 360 761 470 825; x_wconf 85' lang='lat' dir='ltr'><strong>Victus</strong></span> <span class='ocrx_word' id='word_1_20' title='bbox 493 764 571 825; x_wconf 90' lang='lat' dir='ltr'><strong>inter</strong></span> <span class='ocrx_word' id='word_1_21' title='bbox 591 762 736 846; x_wconf 86' lang='lat' dir='ltr'><strong>hospites¹</strong></span> <span class='ocrx_word' id='word_1_22' title='bbox 750 765 857 827; x_wconf 88' lang='lat' dir='ltr'><strong>comis.</strong></span> 
     </span>
    </p>

    <p class='ocr_par' dir='ltr' id='par_1_3' title="bbox 133 862 1073 2638">
     <span class='ocr_line' id='line_1_5' title="bbox 177 862 1073 947; baseline 0.004 -21"><span class='ocrx_word' id='word_1_23' title='bbox 177 862 285 926; x_wconf 89' lang='lat' dir='ltr'><strong>XXII.</strong></span> <span class='ocrx_word' id='word_1_24' title='bbox 310 863 419 926; x_wconf 83' lang='lat' dir='ltr'><strong>Statim</strong></span> <span class='ocrx_word' id='word_1_25' title='bbox 442 884 459 924; x_wconf 93' lang='lat' dir='ltr'><strong>e</strong></span> <span class='ocrx_word' id='word_1_26' title='bbox 478 884 595 938; x_wconf 90' lang='lat' dir='ltr'><strong>somno,</strong></span> <span class='ocrx_word' id='word_1_27' title='bbox 618 884 711 945; x_wconf 90' lang='lat' dir='ltr'><strong>quem</strong></span> <span class='ocrx_word' id='word_1_28' title='bbox 732 864 914 947; x_wconf 89' lang='lat' dir='ltr'><strong>plerumque</strong></span> <span class='ocrx_word' id='word_1_29' title='bbox 937 866 968 928; x_wconf 93' lang='lat' dir='ltr'><strong>in</strong></span> <span class='ocrx_word' id='word_1_30' title='bbox 989 866 1073 930; x_wconf 91' lang='lat' dir='ltr'><strong>diem</strong></span> 
     </span>
     <span class='ocr_line' id='line_1_6' title="bbox 134 962 1072 1049; baseline 0.002 -22"><span class='ocrx_word' id='word_1_31' title='bbox 134 962 305 1038; x_wconf 82' lang='lat' dir='ltr'><strong>extrahunt,</strong></span> <span class='ocrx_word' id='word_1_32' title='bbox 339 963 485 1037; x_wconf 83' lang='lat' dir='ltr'><strong>lavantur,</strong></span> <span class='ocrx_word' id='word_1_33' title='bbox 516 964 638 1043; x_wconf 88' lang='lat' dir='ltr'><strong>saepius</strong></span> <span class='ocrx_word' id='word_1_34' title='bbox 674 963 783 1039; x_wconf 88' lang='lat' dir='ltr'><strong>calida,</strong></span> <span class='ocrx_word' id='word_1_35' title='bbox 811 978 846 1027; x_wconf 86' lang='lat' dir='ltr'><strong>ut</strong></span> <span class='ocrx_word' id='word_1_36' title='bbox 881 964 963 1046; x_wconf 91' lang='lat' dir='ltr'><strong>apud</strong></span> <span class='ocrx_word' id='word_1_37' title='bbox 993 988 1072 1049; x_wconf 90' lang='lat' dir='ltr'><strong>quos</strong></span> 
     </span>
     <span class='ocr_line' id='line_1_7' title="bbox 134 1049 1070 1149; baseline 0.003 -23"><span class='ocrx_word' id='word_1_38' title='bbox 134 1064 300 1144; x_wconf 91' lang='lat' dir='ltr'><strong>plurimum</strong></span> <span class='ocrx_word' id='word_1_39' title='bbox 331 1062 429 1125; x_wconf 88' lang='lat' dir='ltr'><strong>hiems</strong></span> <span class='ocrx_word' id='word_1_40' title='bbox 459 1075 598 1143; x_wconf 90' lang='lat' dir='ltr'><strong>occupat.</strong></span> <span class='ocrx_word' id='word_1_41' title='bbox 654 1049 745 1126; x_wconf 76' lang='lat' dir='ltr'><strong>Lausi</strong></span> <span class='ocrx_word' id='word_1_42' title='bbox 782 1064 887 1128; x_wconf 91' lang='lat' dir='ltr'><strong>cibum</strong></span> <span class='ocrx_word' id='word_1_43' title='bbox 922 1067 1070 1149; x_wconf 86' lang='lat' dir='ltr'><strong>capiunt:</strong></span> 
     </span>
     <span class='ocr_line' id='line_1_8' title="bbox 136 1163 1071 1246; baseline 0.001 -19"><span class='ocrx_word' id='word_1_44' title='bbox 136 1176 291 1244; x_wconf 80' lang='lat' dir='ltr'><strong>separatae</strong></span> <span class='ocrx_word' id='word_1_45' title='bbox 321 1163 449 1246; x_wconf 83' lang='lat' dir='ltr'><strong>singulis</strong></span> <span class='ocrx_word' id='word_1_46' title='bbox 479 1163 568 1225; x_wconf 91' lang='lat' dir='ltr'><strong>sedes</strong></span> <span class='ocrx_word' id='word_1_47' title='bbox 591 1175 621 1224; x_wconf 90' lang='lat' dir='ltr'><strong>et</strong></span> <span class='ocrx_word' id='word_1_48' title='bbox 643 1183 699 1225; x_wconf 89' lang='lat' dir='ltr'><strong>sua</strong></span> <span class='ocrx_word' id='word_1_49' title='bbox 720 1164 832 1246; x_wconf 93' lang='lat' dir='ltr'><strong>cuique</strong></span> <span class='ocrx_word' id='word_1_50' title='bbox 855 1185 981 1227; x_wconf 89' lang='lat' dir='ltr'><strong>mensa:</strong></span> <span class='ocrx_word' id='word_1_51' title='bbox 1005 1178 1071 1233; x_wconf 88' lang='lat' dir='ltr'><strong>tum</strong></span> 
     </span>
     <span class='ocr_line' id='line_1_9' title="bbox 134 1263 1072 1347; baseline 0.001 -20"><span class='ocrx_word' id='word_1_52' title='bbox 134 1264 172 1327; x_wconf 89' lang='lat' dir='ltr'><strong>ad</strong></span> <span class='ocrx_word' id='word_1_53' title='bbox 195 1265 325 1347; x_wconf 85' lang='lat' dir='ltr'><strong>negotia,</strong></span> <span class='ocrx_word' id='word_1_54' title='bbox 348 1285 406 1325; x_wconf 89' lang='lat' dir='ltr'><strong>nec</strong></span> <span class='ocrx_word' id='word_1_55' title='bbox 427 1264 529 1326; x_wconf 91' lang='lat' dir='ltr'><strong>minus</strong></span> <span class='ocrx_word' id='word_1_56' title='bbox 552 1284 644 1346; x_wconf 81' lang='lat' dir='ltr'><strong>saepe</strong></span> <span class='ocrx_word' id='word_1_57' title='bbox 666 1263 705 1325; x_wconf 90' lang='lat' dir='ltr'><strong>ad</strong></span> <span class='ocrx_word' id='word_1_58' title='bbox 733 1264 880 1338; x_wconf 87' lang='lat' dir='ltr'><strong>convivia,</strong></span> <span class='ocrx_word' id='word_1_59' title='bbox 902 1264 1072 1345; x_wconf 90' lang='lat' dir='ltr'><strong>procedunt</strong></span> 
     </span>
     <span class='ocr_line' id='line_1_10' title="bbox 134 1363 1072 1444; baseline -0.001 -16"><span class='ocrx_word' id='word_1_60' title='bbox 134 1366 252 1429; x_wconf 87' lang='lat' dir='ltr'><strong>armati.</strong></span> <span class='ocrx_word' id='word_1_61' title='bbox 296 1363 389 1427; x_wconf 92' lang='lat' dir='ltr'><strong>Diem</strong></span> <span class='ocrx_word' id='word_1_62' title='bbox 417 1375 598 1444; x_wconf 90' lang='lat' dir='ltr'><strong>noctemque</strong></span> <span class='ocrx_word' id='word_1_63' title='bbox 626 1364 802 1425; x_wconf 88' lang='lat' dir='ltr'><strong>continuare</strong></span> <span class='ocrx_word' id='word_1_64' title='bbox 829 1363 971 1443; x_wconf 91' lang='lat' dir='ltr'><strong>potando,</strong></span> <span class='ocrx_word' id='word_1_65' title='bbox 994 1364 1072 1427; x_wconf 89' lang='lat' dir='ltr'><strong>nulli</strong></span> 
     </span>
     <span class='ocr_line' id='line_1_11' title="bbox 133 1461 1072 1544; baseline 0 -17"><span class='ocrx_word' id='word_1_66' title='bbox 133 1466 288 1544; x_wconf 86' lang='lat' dir='ltr'><strong>probrum.</strong></span> <span class='ocrx_word' id='word_1_67' title='bbox 342 1461 484 1537; x_wconf 81' lang='lat' dir='ltr'><strong>Crebrae,</strong></span> <span class='ocrx_word' id='word_1_68' title='bbox 514 1472 549 1523; x_wconf 92' lang='lat' dir='ltr'><strong>ut</strong></span> <span class='ocrx_word' id='word_1_69' title='bbox 576 1463 654 1524; x_wconf 92' lang='lat' dir='ltr'><strong>inter</strong></span> <span class='ocrx_word' id='word_1_70' title='bbox 677 1462 858 1537; x_wconf 87' lang='lat' dir='ltr'><strong>vinolentos,</strong></span> <span class='ocrx_word' id='word_1_71' title='bbox 884 1463 977 1538; x_wconf 82' lang='lat' dir='ltr'><strong>rixae,</strong></span> <span class='ocrx_word' id='word_1_72' title='bbox 1003 1485 1072 1527; x_wconf 86' lang='lat' dir='ltr'><strong>raro</strong></span> 
     </span>
     <span class='ocr_line' id='line_1_12' title="bbox 135 1561 1071 1646; baseline 0 -20"><span class='ocrx_word' id='word_1_73' title='bbox 135 1565 291 1638; x_wconf 87' lang='lat' dir='ltr'><strong>conviciis,</strong></span> <span class='ocrx_word' id='word_1_74' title='bbox 319 1563 441 1642; x_wconf 89' lang='lat' dir='ltr'><strong>saepius</strong></span> <span class='ocrx_word' id='word_1_75' title='bbox 470 1561 564 1624; x_wconf 90' lang='lat' dir='ltr'><strong>caede</strong></span> <span class='ocrx_word' id='word_1_76' title='bbox 591 1574 622 1624; x_wconf 89' lang='lat' dir='ltr'><strong>et</strong></span> <span class='ocrx_word' id='word_1_77' title='bbox 647 1562 823 1625; x_wconf 86' lang='lat' dir='ltr'><strong>vulneribus</strong></span> <span class='ocrx_word' id='word_1_78' title='bbox 851 1563 1071 1646; x_wconf 87' lang='lat' dir='ltr'><strong>transiguntur.</strong></span> 
     </span>
     <span class='ocr_line' id='line_1_13' title="bbox 136 1661 1072 1746; baseline 0.001 -21"><span class='ocrx_word' id='word_1_79' title='bbox 136 1662 200 1725; x_wconf 85' lang='lat' dir='ltr'><strong>Sed</strong></span> <span class='ocrx_word' id='word_1_80' title='bbox 215 1676 245 1725; x_wconf 87' lang='lat' dir='ltr'><strong>et</strong></span> <span class='ocrx_word' id='word_1_81' title='bbox 260 1662 297 1725; x_wconf 92' lang='lat' dir='ltr'><strong>de</strong></span> <span class='ocrx_word' id='word_1_82' title='bbox 312 1661 543 1724; x_wconf 86' lang='lat' dir='ltr'><strong>reconciliandis</strong></span> <span class='ocrx_word' id='word_1_83' title='bbox 566 1662 695 1724; x_wconf 86' lang='lat' dir='ltr'><strong>invicem</strong></span> <span class='ocrx_word' id='word_1_84' title='bbox 710 1663 842 1724; x_wconf 90' lang='lat' dir='ltr'><strong>inimicis</strong></span> <span class='ocrx_word' id='word_1_85' title='bbox 857 1674 888 1724; x_wconf 90' lang='lat' dir='ltr'><strong>et</strong></span> <span class='ocrx_word' id='word_1_86' title='bbox 905 1662 1072 1746; x_wconf 86' lang='lat' dir='ltr'><strong>jungendis</strong></span> 
     </span>
     <span class='ocr_line' id='line_1_14' title="bbox 135 1759 1071 1841; baseline 0.001 -18"><span class='ocrx_word' id='word_1_87' title='bbox 135 1760 332 1823; x_wconf 87' lang='lat' dir='ltr'><strong>affinitatibus</strong></span> <span class='ocrx_word' id='word_1_88' title='bbox 354 1772 384 1821; x_wconf 88' lang='lat' dir='ltr'><strong>et</strong></span> <span class='ocrx_word' id='word_1_89' title='bbox 406 1759 592 1823; x_wconf 90' lang='lat' dir='ltr'><strong>asciscendis</strong></span> <span class='ocrx_word' id='word_1_90' title='bbox 612 1761 811 1840; x_wconf 89' lang='lat' dir='ltr'><strong>principibus,</strong></span> <span class='ocrx_word' id='word_1_91' title='bbox 826 1760 864 1823; x_wconf 94' lang='lat' dir='ltr'><strong>de</strong></span> <span class='ocrx_word' id='word_1_92' title='bbox 886 1782 963 1841; x_wconf 90' lang='lat' dir='ltr'><strong>pace</strong></span> <span class='ocrx_word' id='word_1_93' title='bbox 985 1762 1071 1824; x_wconf 90' lang='lat' dir='ltr'><strong>deui-</strong></span> 
     </span>
     <span class='ocr_line' id='line_1_15' title="bbox 134 1859 1070 1943; baseline 0.001 -20"><span class='ocrx_word' id='word_1_94' title='bbox 134 1881 195 1943; x_wconf 94' lang='lat' dir='ltr'><strong>que</strong></span> <span class='ocrx_word' id='word_1_95' title='bbox 231 1881 268 1921; x_wconf 91' lang='lat' dir='ltr'><strong>ac</strong></span> <span class='ocrx_word' id='word_1_96' title='bbox 299 1859 381 1922; x_wconf 92' lang='lat' dir='ltr'><strong>bello</strong></span> <span class='ocrx_word' id='word_1_97' title='bbox 413 1860 594 1942; x_wconf 90' lang='lat' dir='ltr'><strong>plerumque</strong></span> <span class='ocrx_word' id='word_1_98' title='bbox 628 1861 657 1922; x_wconf 88' lang='lat' dir='ltr'><strong>in</strong></span> <span class='ocrx_word' id='word_1_99' title='bbox 691 1861 838 1923; x_wconf 86' lang='lat' dir='ltr'><strong>conviviis</strong></span> <span class='ocrx_word' id='word_1_100' title='bbox 875 1861 1070 1924; x_wconf 85' lang='lat' dir='ltr'><strong>consultant:</strong></span> 
     </span>
     <span class='ocr_line' id='line_1_16' title="bbox 136 1960 1072 2044; baseline 0.003 -22"><span class='ocrx_word' id='word_1_101' title='bbox 136 1972 280 2042; x_wconf 86' lang='lat' dir='ltr'><strong>tanquam</strong></span> <span class='ocrx_word' id='word_1_102' title='bbox 315 1960 398 2022; x_wconf 91' lang='lat' dir='ltr'><strong>uullo</strong></span> <span class='ocrx_word' id='word_1_103' title='bbox 439 1961 538 2042; x_wconf 84' lang='lat' dir='ltr'><strong>magis</strong></span> <span class='ocrx_word' id='word_1_104' title='bbox 580 1972 717 2044; x_wconf 89' lang='lat' dir='ltr'><strong>tempore</strong></span> <span class='ocrx_word' id='word_1_105' title='bbox 753 1973 806 2023; x_wconf 90' lang='lat' dir='ltr'><strong>aut</strong></span> <span class='ocrx_word' id='word_1_106' title='bbox 840 1961 878 2023; x_wconf 89' lang='lat' dir='ltr'><strong>ad</strong></span> <span class='ocrx_word' id='word_1_107' title='bbox 915 1961 1072 2042; x_wconf 87' lang='lat' dir='ltr'><strong>simplices</strong></span> 
     </span>
     <span class='ocr_line' id='line_1_17' title="bbox 135 2060 1072 2143; baseline 0.003 -22"><span class='ocrx_word' id='word_1_108' title='bbox 135 2061 333 2141; x_wconf 83' lang='lat' dir='ltr'><strong>cogitationes</strong></span> <span class='ocrx_word' id='word_1_109' title='bbox 355 2072 456 2140; x_wconf 90' lang='lat' dir='ltr'><strong>pateat</strong></span> <span class='ocrx_word' id='word_1_110' title='bbox 477 2061 607 2134; x_wconf 84' lang='lat' dir='ltr'><strong>auimue,</strong></span> <span class='ocrx_word' id='word_1_111' title='bbox 624 2060 729 2123; x_wconf 89' lang='lat' dir='ltr'><strong>autad</strong></span> <span class='ocrx_word' id='word_1_112' title='bbox 747 2082 874 2143; x_wconf 85' lang='lat' dir='ltr'><strong>magnas</strong></span> <span class='ocrx_word' id='word_1_113' title='bbox 895 2061 1072 2125; x_wconf 90' lang='lat' dir='ltr'><strong>incalescat.</strong></span> 
     </span>
     <span class='ocr_line' id='line_1_18' title="bbox 137 2158 1073 2243; baseline 0.003 -21"><span class='ocrx_word' id='word_1_114' title='bbox 137 2158 223 2222; x_wconf 88' lang='lat' dir='ltr'><strong>Gens</strong></span> <span class='ocrx_word' id='word_1_115' title='bbox 251 2182 311 2222; x_wconf 91' lang='lat' dir='ltr'><strong>nou</strong></span> <span class='ocrx_word' id='word_1_116' title='bbox 340 2173 440 2222; x_wconf 88' lang='lat' dir='ltr'><strong>astuta</strong></span> <span class='ocrx_word' id='word_1_117' title='bbox 468 2181 525 2222; x_wconf 92' lang='lat' dir='ltr'><strong>nec</strong></span> <span class='ocrx_word' id='word_1_118' title='bbox 554 2159 664 2222; x_wconf 86' lang='lat' dir='ltr'><strong>callida</strong></span> <span class='ocrx_word' id='word_1_119' title='bbox 692 2162 789 2243; x_wconf 89' lang='lat' dir='ltr'><strong>aperit</strong></span> <span class='ocrx_word' id='word_1_120' title='bbox 816 2160 916 2223; x_wconf 90' lang='lat' dir='ltr'><strong>adbuc</strong></span> <span class='ocrx_word' id='word_1_121' title='bbox 953 2173 1073 2225; x_wconf 89' lang='lat' dir='ltr'><strong>secreta</strong></span> 
     </span>
     <span class='ocr_line' id='line_1_19' title="bbox 134 2257 1072 2341; baseline 0.001 -19"><span class='ocrx_word' id='word_1_122' title='bbox 134 2262 265 2340; x_wconf 90' lang='lat' dir='ltr'><strong>pectoris</strong></span> <span class='ocrx_word' id='word_1_123' title='bbox 287 2260 409 2322; x_wconf 91' lang='lat' dir='ltr'><strong>licentia</strong></span> <span class='ocrx_word' id='word_1_124' title='bbox 427 2259 500 2341; x_wconf 86' lang='lat' dir='ltr'><strong>joci.</strong></span> <span class='ocrx_word' id='word_1_125' title='bbox 544 2257 629 2340; x_wconf 85' lang='lat' dir='ltr'><strong>Ergo</strong></span> <span class='ocrx_word' id='word_1_126' title='bbox 643 2259 762 2321; x_wconf 90' lang='lat' dir='ltr'><strong>detecta</strong></span> <span class='ocrx_word' id='word_1_127' title='bbox 778 2272 808 2322; x_wconf 90' lang='lat' dir='ltr'><strong>et</strong></span> <span class='ocrx_word' id='word_1_128' title='bbox 828 2259 910 2322; x_wconf 92' lang='lat' dir='ltr'><strong>nuda</strong></span> <span class='ocrx_word' id='word_1_129' title='bbox 932 2261 1072 2323; x_wconf 88' lang='lat' dir='ltr'><strong>omnium</strong></span> 
     </span>
     <span class='ocr_line' id='line_1_20' title="bbox 134 2358 1072 2442; baseline 0.002 -21"><span class='ocrx_word' id='word_1_130' title='bbox 134 2380 222 2422; x_wconf 91' lang='lat' dir='ltr'><strong>mens</strong></span> <span class='ocrx_word' id='word_1_131' title='bbox 247 2370 370 2439; x_wconf 91' lang='lat' dir='ltr'><strong>postera</strong></span> <span class='ocrx_word' id='word_1_132' title='bbox 391 2358 440 2419; x_wconf 91' lang='lat' dir='ltr'><strong>die</strong></span> <span class='ocrx_word' id='word_1_133' title='bbox 462 2370 648 2434; x_wconf 88' lang='lat' dir='ltr'><strong>retractatur,</strong></span> <span class='ocrx_word' id='word_1_134' title='bbox 665 2371 695 2421; x_wconf 89' lang='lat' dir='ltr'><strong>et</strong></span> <span class='ocrx_word' id='word_1_135' title='bbox 709 2360 793 2422; x_wconf 88' lang='lat' dir='ltr'><strong>salva</strong></span> <span class='ocrx_word' id='word_1_136' title='bbox 814 2361 973 2442; x_wconf 88' lang='lat' dir='ltr'><strong>utriusque</strong></span> <span class='ocrx_word' id='word_1_137' title='bbox 994 2373 1072 2423; x_wconf 90' lang='lat' dir='ltr'><strong>tem·</strong></span> 
     </span>
     <span class='ocr_line' id='line_1_21' title="bbox 134 2456 1070 2542; baseline 0 -21"><span class='ocrx_word' id='word_1_138' title='bbox 134 2460 216 2540; x_wconf 88' lang='lat' dir='ltr'><strong>poris</strong></span> <span class='ocrx_word' id='word_1_139' title='bbox 244 2460 320 2521; x_wconf 90' lang='lat' dir='ltr'><strong>ratio</strong></span> <span class='ocrx_word' id='word_1_140' title='bbox 348 2471 415 2520; x_wconf 87' lang='lat' dir='ltr'><strong>est:</strong></span> <span class='ocrx_word' id='word_1_141' title='bbox 455 2456 631 2532; x_wconf 90' lang='lat' dir='ltr'><strong>deliberant,</strong></span> <span class='ocrx_word' id='word_1_142' title='bbox 661 2459 735 2521; x_wconf 92' lang='lat' dir='ltr'><strong>dum</strong></span> <span class='ocrx_word' id='word_1_143' title='bbox 762 2459 877 2542; x_wconf 82' lang='lat' dir='ltr'><strong>fingere</strong></span> <span class='ocrx_word' id='word_1_144' title='bbox 905 2460 1048 2522; x_wconf 89' lang='lat' dir='ltr'><strong>nesciunt</strong></span> <span class='ocrx_word' id='word_1_145' title='bbox 1056 2482 1070 2535; x_wconf 81' lang='lat'><strong>,·</strong></span> 
     </span>
     <span class='ocr_line' id='line_1_22' title="bbox 135 2559 764 2638; baseline -0.002 -17"><span class='ocrx_word' id='word_1_146' title='bbox 135 2560 332 2635; x_wconf 87' lang='lat' dir='ltr'><strong>constituunt,</strong></span> <span class='ocrx_word' id='word_1_147' title='bbox 348 2559 422 2621; x_wconf 91' lang='lat' dir='ltr'><strong>dum</strong></span> <span class='ocrx_word' id='word_1_148' title='bbox 438 2577 536 2620; x_wconf 89' lang='lat' dir='ltr'><strong>errare</strong></span> <span class='ocrx_word' id='word_1_149' title='bbox 550 2578 612 2619; x_wconf 91' lang='lat' dir='ltr'><strong>non</strong></span> <span class='ocrx_word' id='word_1_150' title='bbox 625 2570 764 2638; x_wconf 87' lang='lat' dir='ltr'><strong>possunt.</strong></span> 
     </span>
    </p>

    <p class='ocr_par' dir='ltr' id='par_1_4' title="bbox 52 2657 1073 3432">
     <span class='ocr_line' id='line_1_23' title="bbox 177 2657 1072 2737; baseline -0.001 -15"><span class='ocrx_word' id='word_1_151' title='bbox 177 2659 303 2723; x_wconf 90' lang='lat' dir='ltr'><strong>XXIII.</strong></span> <span class='ocrx_word' id='word_1_152' title='bbox 326 2659 418 2722; x_wconf 90' lang='lat' dir='ltr'><strong>Potui</strong></span> <span class='ocrx_word' id='word_1_153' title='bbox 447 2658 556 2721; x_wconf 92' lang='lat' dir='ltr'><strong>humor</strong></span> <span class='ocrx_word' id='word_1_154' title='bbox 583 2679 621 2719; x_wconf 87' lang='lat' dir='ltr'><strong>ex</strong></span> <span class='ocrx_word' id='word_1_155' title='bbox 646 2657 758 2720; x_wconf 89' lang='lat' dir='ltr'><strong>hordeo</strong></span> <span class='ocrx_word' id='word_1_156' title='bbox 781 2671 833 2721; x_wconf 89' lang='lat' dir='ltr'><strong>aut</strong></span> <span class='ocrx_word' id='word_1_157' title='bbox 856 2657 1016 2733; x_wconf 78' lang='lat' dir='ltr'><strong>frumento,</strong></span> <span class='ocrx_word' id='word_1_158' title='bbox 1040 2659 1072 2737; x_wconf 87' lang='lat' dir='ltr'><strong>in</strong></span> 
     </span>
     <span class='ocr_line' id='line_1_24' title="bbox 135 2757 1071 2842; baseline -0.002 -20"><span class='ocrx_word' id='word_1_159' title='bbox 135 2760 288 2842; x_wconf 89' lang='lat' dir='ltr'><strong>quandam</strong></span> <span class='ocrx_word' id='word_1_160' title='bbox 304 2759 533 2822; x_wconf 91' lang='lat' dir='ltr'><strong>similitudinem</strong></span> <span class='ocrx_word' id='word_1_161' title='bbox 547 2759 609 2820; x_wconf 88' lang='lat' dir='ltr'><strong>vini</strong></span> <span class='ocrx_word' id='word_1_162' title='bbox 624 2771 794 2837; x_wconf 85' lang='lat' dir='ltr'><strong>corruptus.</strong></span> <span class='ocrx_word' id='word_1_163' title='bbox 837 2757 972 2821; x_wconf 84' lang='lat' dir='ltr'><strong>Proximi</strong></span> <span class='ocrx_word' id='word_1_164' title='bbox 987 2760 1071 2838; x_wconf 86' lang='lat' dir='ltr'><strong>ripae</strong></span> 
     </span>
     <span class='ocr_line' id='line_1_25' title="bbox 135 2856 1070 2939; baseline -0.002 -19"><span class='ocrx_word' id='word_1_165' title='bbox 135 2870 166 2920; x_wconf 91' lang='lat' dir='ltr'><strong>et</strong></span> <span class='ocrx_word' id='word_1_166' title='bbox 180 2861 285 2921; x_wconf 90' lang='lat' dir='ltr'><strong>vinum</strong></span> <span class='ocrx_word' id='word_1_167' title='bbox 300 2870 482 2919; x_wconf 90' lang='lat' dir='ltr'><strong>mercantur.</strong></span> <span class='ocrx_word' id='word_1_168' title='bbox 528 2856 600 2919; x_wconf 90' lang='lat' dir='ltr'><strong>Cibi</strong></span> <span class='ocrx_word' id='word_1_169' title='bbox 624 2856 779 2936; x_wconf 88' lang='lat' dir='ltr'><strong>simplices</strong></span> <span class='ocrx_word' id='word_1_170' title='bbox 793 2879 801 2932; x_wconf 93' lang='lat'>;</span> <span class='ocrx_word' id='word_1_171' title='bbox 825 2857 955 2939; x_wconf 87' lang='lat' dir='ltr'><strong>agrestia</strong></span> <span class='ocrx_word' id='word_1_172' title='bbox 969 2878 1070 2936; x_wconf 91' lang='lat' dir='ltr'><strong>poma,</strong></span> 
     </span>
     <span class='ocr_line' id='line_1_26' title="bbox 135 2955 1071 3039; baseline -0.002 -19"><span class='ocrx_word' id='word_1_173' title='bbox 135 2977 243 3020; x_wconf 88' lang='lat' dir='ltr'><strong>recens</strong></span> <span class='ocrx_word' id='word_1_174' title='bbox 257 2956 331 3028; x_wconf 88' lang='lat' dir='ltr'><strong>fera,</strong></span> <span class='ocrx_word' id='word_1_175' title='bbox 348 2968 400 3017; x_wconf 91' lang='lat' dir='ltr'><strong>aut</strong></span> <span class='ocrx_word' id='word_1_176' title='bbox 421 2956 469 3018; x_wconf 92' lang='lat' dir='ltr'><strong>lac</strong></span> <span class='ocrx_word' id='word_1_177' title='bbox 493 2969 679 3018; x_wconf 87' lang='lat' dir='ltr'><strong>concretum.</strong></span> <span class='ocrx_word' id='word_1_178' title='bbox 726 2955 800 3018; x_wconf 83' lang='lat' dir='ltr'><strong>Sine</strong></span> <span class='ocrx_word' id='word_1_179' title='bbox 824 2968 979 3039; x_wconf 85' lang='lat' dir='ltr'><strong>apparatu,</strong></span> <span class='ocrx_word' id='word_1_180' title='bbox 1005 2957 1071 3032; x_wconf 75' lang='lat' dir='ltr'><strong>siue</strong></span> 
     </span>
     <span class='ocr_line' id='line_1_27' title="bbox 135 3052 1072 3131; baseline 0 -15"><span class='ocrx_word' id='word_1_181' title='bbox 135 3052 359 3127; x_wconf 89' lang='lat' dir='ltr'><strong>blandimentis,</strong></span> <span class='ocrx_word' id='word_1_182' title='bbox 383 3052 537 3131; x_wconf 83' lang='lat' dir='ltr'><strong>expellunt</strong></span> <span class='ocrx_word' id='word_1_183' title='bbox 558 3052 681 3131; x_wconf 87' lang='lat' dir='ltr'><strong>famem.</strong></span> <span class='ocrx_word' id='word_1_184' title='bbox 726 3054 884 3117; x_wconf 85' lang='lat' dir='ltr'><strong>Adversus</strong></span> <span class='ocrx_word' id='word_1_185' title='bbox 907 3055 988 3116; x_wconf 90' lang='lat' dir='ltr'><strong>sitim</strong></span> <span class='ocrx_word' id='word_1_186' title='bbox 1012 3076 1072 3117; x_wconf 91' lang='lat' dir='ltr'><strong>nou</strong></span> 
     </span>
     <span class='ocr_line' id='line_1_28' title="bbox 136 3151 1072 3237; baseline 0.001 -23"><span class='ocrx_word' id='word_1_187' title='bbox 136 3151 245 3214; x_wconf 89' lang='lat' dir='ltr'><strong>eadem</strong></span> <span class='ocrx_word' id='word_1_188' title='bbox 280 3151 488 3230; x_wconf 87' lang='lat' dir='ltr'><strong>temperantia.</strong></span> <span class='ocrx_word' id='word_1_189' title='bbox 555 3151 590 3213; x_wconf 88' lang='lat' dir='ltr'><strong>Si</strong></span> <span class='ocrx_word' id='word_1_190' title='bbox 626 3152 789 3215; x_wconf 88' lang='lat' dir='ltr'><strong>indulseris</strong></span> <span class='ocrx_word' id='word_1_191' title='bbox 826 3153 962 3216; x_wconf 88' lang='lat' dir='ltr'><strong>ebrietati</strong></span> <span class='ocrx_word' id='word_1_192' title='bbox 999 3175 1072 3237; x_wconf 80' lang='lat' dir='ltr'><strong>sug-</strong></span> 
     </span>
     <span class='ocr_line' id='line_1_29' title="bbox 52 3251 1073 3333; baseline 0.003 -21"><span class='ocrx_word' id='word_1_193' title='bbox 52 3272 56 3281; x_wconf 94' lang='lat'>·</span> <span class='ocrx_word' id='word_1_194' title='bbox 135 3251 268 3333; x_wconf 84' lang='lat' dir='ltr'><strong>gerendo</strong></span> <span class='ocrx_word' id='word_1_195' title='bbox 296 3263 445 3333; x_wconf 88' lang='lat' dir='ltr'><strong>quantum</strong></span> <span class='ocrx_word' id='word_1_196' title='bbox 480 3253 711 3330; x_wconf 89' lang='lat' dir='ltr'><strong>concupiscunt,</strong></span> <span class='ocrx_word' id='word_1_197' title='bbox 740 3251 821 3314; x_wconf 93' lang='lat' dir='ltr'><strong>haud</strong></span> <span class='ocrx_word' id='word_1_198' title='bbox 850 3253 952 3315; x_wconf 88' lang='lat' dir='ltr'><strong>minus</strong></span> <span class='ocrx_word' id='word_1_199' title='bbox 981 3252 1073 3315; x_wconf 84' lang='lat' dir='ltr'><strong>facile</strong></span> 
     </span>
     <span class='ocr_line' id='line_1_30' title="bbox 136 3351 648 3432; baseline -0.002 -20"><span class='ocrx_word' id='word_1_200' title='bbox 136 3351 228 3425; x_wconf 87' lang='lat' dir='ltr'><strong>vitiis,</strong></span> <span class='ocrx_word' id='word_1_201' title='bbox 251 3371 345 3432; x_wconf 92' lang='lat' dir='ltr'><strong>quam</strong></span> <span class='ocrx_word' id='word_1_202' title='bbox 366 3351 459 3415; x_wconf 88' lang='lat' dir='ltr'><strong>armis</strong></span> <span class='ocrx_word' id='word_1_203' title='bbox 481 3351 648 3413; x_wconf 89' lang='lat' dir='ltr'><strong>vincentur.</strong></span> 
     </span>
    </p>

    <p class='ocr_par' dir='ltr' id='par_1_5' title="bbox 137 3448 1074 3833">
     <span class='ocr_line' id='line_1_31' title="bbox 179 3448 1074 3534; baseline 0.006 -22"><span class='ocrx_word' id='word_1_204' title='bbox 179 3448 301 3512; x_wconf 90' lang='lat' dir='ltr'><strong>XXIV.</strong></span> <span class='ocrx_word' id='word_1_205' title='bbox 325 3448 433 3511; x_wconf 90' lang='lat' dir='ltr'><strong>Genus</strong></span> <span class='ocrx_word' id='word_1_206' title='bbox 456 3450 701 3530; x_wconf 91' lang='lat' dir='ltr'><strong>spectaculorum</strong></span> <span class='ocrx_word' id='word_1_207' title='bbox 726 3473 823 3514; x_wconf 92' lang='lat' dir='ltr'><strong>unum</strong></span> <span class='ocrx_word' id='word_1_208' title='bbox 837 3465 928 3534; x_wconf 89' lang='lat' dir='ltr'><strong>atque</strong></span> <span class='ocrx_word' id='word_1_209' title='bbox 944 3453 1074 3533; x_wconf 87' lang='lat' dir='ltr'><strong>inomni</strong></span> 
     </span>
     <span class='ocr_line' id='line_1_32' title="bbox 137 3547 1073 3632; baseline 0.002 -19"><span class='ocrx_word' id='word_1_210' title='bbox 137 3562 226 3613; x_wconf 89' lang='lat' dir='ltr'><strong>coetu</strong></span> <span class='ocrx_word' id='word_1_211' title='bbox 250 3549 342 3611; x_wconf 86' lang='lat' dir='ltr'><strong>idem.</strong></span> <span class='ocrx_word' id='word_1_212' title='bbox 387 3547 472 3611; x_wconf 93' lang='lat' dir='ltr'><strong>Nudi</strong></span> <span class='ocrx_word' id='word_1_213' title='bbox 491 3549 630 3630; x_wconf 87' lang='lat' dir='ltr'><strong>juvenes,</strong></span> <span class='ocrx_word' id='word_1_214' title='bbox 654 3551 765 3632; x_wconf 91' lang='lat' dir='ltr'><strong>quibus</strong></span> <span class='ocrx_word' id='word_1_215' title='bbox 788 3551 819 3614; x_wconf 90' lang='lat' dir='ltr'><strong>id</strong></span> <span class='ocrx_word' id='word_1_216' title='bbox 841 3551 993 3614; x_wconf 90' lang='lat' dir='ltr'><strong>ludicrum</strong></span> <span class='ocrx_word' id='word_1_217' title='bbox 1015 3566 1073 3631; x_wconf 90' lang='lat' dir='ltr'><strong>est,</strong></span> 
     </span>
     <span class='ocr_line' id='line_1_33' title="bbox 137 3647 1074 3734; baseline 0.001 -21"><span class='ocrx_word' id='word_1_218' title='bbox 137 3652 215 3714; x_wconf 90' lang='lat' dir='ltr'><strong>inter</strong></span> <span class='ocrx_word' id='word_1_219' title='bbox 236 3648 353 3732; x_wconf 89' lang='lat' dir='ltr'><strong>gladios</strong></span> <span class='ocrx_word' id='word_1_220' title='bbox 376 3668 409 3708; x_wconf 92' lang='lat' dir='ltr'><strong>se</strong></span> <span class='ocrx_word' id='word_1_221' title='bbox 432 3659 523 3728; x_wconf 89' lang='lat' dir='ltr'><strong>atque</strong></span> <span class='ocrx_word' id='word_1_222' title='bbox 546 3647 671 3710; x_wconf 86' lang='lat' dir='ltr'><strong>infestas</strong></span> <span class='ocrx_word' id='word_1_223' title='bbox 693 3649 825 3712; x_wconf 87' lang='lat' dir='ltr'><strong>frameas</strong></span> <span class='ocrx_word' id='word_1_224' title='bbox 849 3651 927 3713; x_wconf 92' lang='lat' dir='ltr'><strong>saltu</strong></span> <span class='ocrx_word' id='word_1_225' title='bbox 946 3651 1074 3734; x_wconf 87' lang='lat' dir='ltr'><strong>jaciunt.</strong></span> 
     </span>
     <span class='ocr_line' id='line_1_34' title="bbox 139 3747 1073 3833; baseline 0.003 -23"><span class='ocrx_word' id='word_1_226' title='bbox 139 3747 325 3813; x_wconf 84' lang='lat' dir='ltr'><strong>Exercitatio</strong></span> <span class='ocrx_word' id='word_1_227' title='bbox 337 3759 433 3811; x_wconf 88' lang='lat' dir='ltr'><strong>artem</strong></span> <span class='ocrx_word' id='word_1_228' title='bbox 452 3747 578 3827; x_wconf 88' lang='lat' dir='ltr'><strong>paravit,</strong></span> <span class='ocrx_word' id='word_1_229' title='bbox 594 3768 643 3808; x_wconf 88' lang='lat' dir='ltr'><strong>ars</strong></span> <span class='ocrx_word' id='word_1_230' title='bbox 658 3747 800 3810; x_wconf 90' lang='lat' dir='ltr'><strong>decorem</strong></span> <span class='ocrx_word' id='word_1_231' title='bbox 812 3770 820 3810; x_wconf 75' lang='grc' dir='ltr'><strong><em>ε</em></strong></span> <span class='ocrx_word' id='word_1_232' title='bbox 843 3770 903 3810; x_wconf 91' lang='lat' dir='ltr'><strong>non</strong></span> <span class='ocrx_word' id='word_1_233' title='bbox 916 3750 949 3831; x_wconf 89' lang='lat' dir='ltr'><strong>in</strong></span> <span class='ocrx_word' id='word_1_234' title='bbox 963 3770 1073 3833; x_wconf 91' lang='lat' dir='ltr'><strong>quaes-</strong></span> 
     </span>
    </p>
   </div>
   <div class='ocr_carea' id='block_1_3' title="bbox 0 0 1217 4388">
    <p class='ocr_par' dir='ltr' id='par_1_6' title="bbox 0 0 1217 4388">
     <span class='ocr_line' id='line_1_35' title="bbox 0 0 1217 4388; baseline 0 0"><span class='ocrx_word' id='word_1_235' title='bbox 0 0 1217 4388; x_wconf 95' lang='lat' dir='ltr'><strong> </strong></span> 
     </span>
    </p>
   </div>
  </div>
 </body>
</html>
