2424 4388
488 412 656 456 acnrcom.
1004 398 1047 458 68

106 570 137 621 et
152 548 325 621 libertatern
347 579 407 621 non
428 560 459 621 in
480 561 696 640 poenitentiam
715 558 813 636 laturi,
829 562 928 642 primo
942 563 1045 626 statim

106 653 276 741 congressu
312 680 411 721 nonne
447 660 653 736 ostendamus,
683 682 761 744 quos
789 662 848 725 sibi
877 662 1045 727 Caledonia

107 761 188 822 viros
212 759 404 839 seposuerit?
446 761 497 823 An
519 761 647 825 eandem
670 761 819 825 Romanis
841 765 873 826 in
889 763 971 827 bello
985 766 1044 827 vir*

106 871 215 931 tutem,
231 880 324 939 quam
339 860 369 921 in
384 881 460 943 pace
476 860 633 922 lasciviam
649 861 757 924 adesse
771 862 894 925 creditis
907 862 937 926 l”

147 955 278 1018 XXXII.
303 959 454 1021 “Nostris
482 960 526 1022 illi
551 960 793 1024 dissensionibus
821 984 858 1025 ac
883 962 1043 1027 discordiis

104 1058 190 1134 clari,
204 1061 278 1121 vitia
300 1059 433 1122 hostium
455 1061 486 1122 in
507 1061 635 1143 gloriam
657 1064 808 1125 exercitus
830 1066 878 1126 sui
900 1077 1041 1130 vertunt:

104 1179 199 1240 quem
221 1171 410 1222 contractum
426 1181 464 1222 ex
477 1160 695 1224 diversissimis
717 1164 869 1246 gentibus,
885 1177 920 1226 ut
935 1186 1044 1227 secun·

104 1259 162 1322 dae
184 1281 234 1321 res
257 1271 369 1334 tenent,
385 1261 426 1322 ita
442 1261 587 1322 adversae
609 1262 795 1325 dissolvent:
820 1264 919 1325 nisisi
936 1263 1043 1326 Gallos

104 1372 135 1421 et
152 1358 323 1421 Germanos
346 1373 377 1422 et
390 1361 500 1441 (pudet
521 1362 619 1440 dictu)
635 1361 849 1425 Britannorum
871 1364 1042 1446 plerosque,

104 1460 177 1522 licet
191 1459 385 1523 dominationi
409 1461 525 1523 alienae
548 1465 729 1546 sanguinem
751 1464 953 1539 commodent,
976 1465 1042 1527 diu·

104 1561 166 1622 tius
189 1573 290 1622 tamen
316 1560 419 1623 hostes
434 1583 527 1643 quam
553 1583 666 1636 servos,
683 1563 742 1625 fide
765 1576 796 1626 et
811 1565 921 1627 affectu
948 1566 1043 1628 teneri

102 1661 236 1740 putatis:
260 1674 361 1723 metus
377 1675 407 1722 et
421 1675 515 1724 terror
536 1676 593 1736 est,
610 1664 728 1725 infirma
743 1665 864 1726 vincula
886 1667 1041 1734 caritatis;

103 1783 184 1844 qnae
208 1763 259 1824 ubi
281 1764 457 1837 remoreris,
473 1763 526 1844 qui
548 1764 655 1825 timere
669 1763 823 1839 desierint,
840 1766 942 1828 odisse
966 1767 1041 1829 inci·

103 1865 199 1946 pient.
244 1861 357 1925 Omnia
377 1865 521 1926 victoriae
543 1865 739 1927 incitamenta
760 1887 815 1949 pro
836 1868 923 1929 nobis
950 1874 1040 1931 sunt:

102 1962 206 2025 nullae
230 1962 388 2025 Romanos
412 1952 770 2046 conjugesaccendunt;
801 1967 875 2030 nulli
902 1982 1042 2047 parentes

103 2062 210 2146 fugam
233 2064 439 2143 exprobraturi
463 2077 553 2138 sunt;
577 2077 630 2126 aut
652 2066 735 2127 nulla
758 2067 911 2149 plerisque
935 2070 1041 2151 patria,

104 2176 158 2225 aut
185 2164 249 2226 alia
274 2175 331 2225 est.
385 2164 509 2226 Paucos
538 2186 674 2240 numero,
704 2167 836 2246 trepidos
865 2169 1041 2249 ignorantia,

104 2263 227 2325 coelum
253 2264 355 2347 ipsum
382 2285 418 2326 ac
440 2285 523 2326 marc
550 2278 580 2327 et
606 2265 707 2340 silvas,
731 2266 834 2347 ignota
860 2267 960 2327 omnia
986 2269 1042 2328 cir-

103 2375 361 2444 cumspectantes,
388 2365 510 2427 clausos
540 2365 764 2448 quodammodo
792 2387 828 2427 ac
856 2367 973 2428 vinctos
1000 2365 1042 2429 dii

103 2464 191 2526 nobis
213 2464 408 2527 tradiderunt.
453 2464 503 2527 Ne
526 2478 636 2528 terreat
656 2487 752 2528 vanus
775 2478 918 2546 aspectus
933 2478 963 2527 et
977 2468 1042 2528 auri

103 2565 205 2648 fulgor
218 2577 309 2647 atque
325 2567 450 2646 argenti,
467 2567 548 2648 quod
570 2587 669 2649 neque
691 2567 765 2648 tegit
779 2587 879 2648 neque
893 2565 1041 2628 vulnerat.

105 2664 141 2726 In
171 2667 239 2745 ipsa
274 2665 407 2727 hostium
441 2668 507 2728 acie
536 2667 726 2728 inveniemus
759 2679 876 2727 nostras
913 2687 1041 2727 manus:

105 2780 273 2849 agnoscent
309 2764 445 2828 Britanni
486 2788 575 2829 suam
612 2788 761 2829 causam:
806 2766 1045 2828 recordabuntur

109 2864 191 2928 Galli
218 2867 350 2945 priorem
371 2865 563 2928 libertatem:
593 2865 735 2928 deserent
760 2866 827 2927 illos
851 2867 943 2928 ceteri
967 2864 1044 2928 Ger-

106 2967 198 3040 mani,
214 2979 359 3048 tanquam
381 2987 479 3046 nuper
502 2965 603 3050 Usipii
625 2967 821 3049 reliquerunt.
865 2965 934 3028 Nec
957 2968 1043 3049 quid-

106 3087 200 3148 quam
243 3066 322 3128 ultra
364 3065 558 3128 formidinis:
612 3088 709 3128 vacua
756 3068 890 3141 castella,
936 3091 1044 3130 senum

107 3166 254 3242 coloniae,
284 3168 363 3247 inter
397 3167 477 3228 male
512 3179 652 3246 parentes
682 3180 712 3229 ot
747 3167 858 3250 injuste
895 3170 1044 3252 imperari-

107 3278 154 3328 tes
183 3288 275 3349 aegra
304 3268 471 3348 municipia
498 3279 529 3328 et
556 3267 780 3329 discordantia:
815 3267 864 3329 hic
893 3268 964 3342 dux,
995 3267 1044 3329 hic

106 3369 278 3430 exercitus:
309 3367 351 3428 ibi
374 3368 487 3428 tributa
510 3381 540 3429 et
564 3366 688 3429 metalla
711 3383 740 3429 et
767 3382 886 3429 ceterae
914 3370 1045 3429 servien-

106 3469 185 3529 tium
205 3488 345 3547 poenae:
369 3469 500 3548 quasin
525 3479 682 3529 aeternum
707 3467 839 3547 perferre
866 3480 917 3529 aut
944 3468 1045 3528 statim

105 3565 213 3629 ulcisci
237 3568 268 3629 in
291 3567 349 3629 hoc
370 3587 479 3651 campo
498 3577 558 3629 est.
603 3566 734 3630 Proinde
758 3570 826 3630 ituri
851 3570 879 3629 in
903 3570 1000 3628 aciem
1015 3577 1046 3626 et

106 3667 237 3751 majores
251 3680 368 3730 vestros
383 3680 414 3729 et
428 3679 567 3751 posteros
587 3667 748 3750 cogitate.'’

148 3761 293 3826 xxxm
318 3766 478 3848 Excepere
503 3769 669 3831 orationem
696 3766 822 3840 alacres,
849 3775 884 3826 ut
911 3761 1047 3824 barbaris
