2424 4388
483 454 523 497 ns
547 454 725 497 onnurnrr.
1030 436 1071 498 3'3

134 602 235 666 donec
257 602 422 683 exsanguis
447 613 589 663 senectus
614 613 678 664 tam
698 600 792 663 durae
814 601 916 663 virtuti
940 602 1071 681 impares

135 703 238 766 faciet.

178 798 309 861 XXXII.
332 801 467 864 Proximi
485 800 584 864 Cattis
599 815 716 865 certum
734 802 798 885 jem
813 802 900 864 elreo
915 801 1070 877 Rhenum,

136 904 249 985 quique
279 903 427 965 terminus
456 922 525 964 esse
556 901 696 977 sufficiat,
727 901 830 983 Usipii
860 924 897 966 ac
925 901 1070 965 Tencteri

136 1004 250 1067 colunt.
308 1001 463 1077 Tencteri,
497 1023 590 1083 super
621 1003 744 1067 solitum
779 1003 929 1066 bellorum
963 1003 1070 1078 decus,

137 1105 288 1185 equestris
303 1102 481 1182 disciplinae
496 1114 559 1164 arte
574 1102 782 1182 praecellunt:
809 1124 867 1164 nec
883 1103 978 1185 major
991 1102 1072 1182 apud

139 1203 247 1267 Cattos
269 1202 409 1286 peditum
428 1202 506 1278 isus,
522 1219 616 1285 quam
637 1201 799 1264 Tencteris
825 1203 973 1284 equitum.
1018 1201 1072 1263 Sic

137 1304 295 1366 instituere
319 1301 458 1384 majores,
482 1303 596 1382 posteri
619 1302 791 1377 imitentu13
814 1300 845 1363 hi
867 1301 955 1363 lusus
976 1300 1024 1362 inf
1059 1337 1072 1350 ·

137 1405 226 1477 tium,
254 1401 331 1464 haec
355 1402 503 1485 juvenum
532 1401 706 1476 aemulatio,
736 1414 931 1481 perseverant
959 1421 1070 1463 senes:

137 1504 216 1566 inter
230 1502 377 1565 familiam
399 1516 430 1564 et
450 1514 577 1585 penates
600 1514 631 1564 et
655 1502 724 1584 jura
746 1501 978 1563 successionum
1001 1502 1072 1582 equi

136 1603 316 1677 traduntur;
351 1603 463 1681 excipit
489 1602 582 1675 filius,
611 1623 681 1676 non,
710 1613 745 1664 ut
780 1614 890 1676 cetera,
920 1601 1071 1664 maximus

135 1701 219 1777 natu,
235 1703 290 1765 sed
306 1719 394 1782 prout
408 1701 492 1764 ferox
506 1701 588 1765 bello
602 1713 633 1764 et
646 1702 763 1764 melior.

178 1799 322 1864 XXXHL
344 1801 437 1865 Juxta
465 1802 634 1864 Tencteros
665 1801 803 1865 Bructeri
833 1802 905 1865 olim
934 1823 1072 1865 occurre-

135 1904 230 1966 bant:
268 1924 350 1964 nunc
380 1902 554 1965 Chamavos
583 1915 614 1964 et
644 1904 841 1986 Angrivarios
878 1905 1070 1986 immigrasse

136 2015 283 2076 narratur,
298 2002 397 2083 pulsis
420 2001 576 2064 Bructeris
591 2024 627 2064 ac
641 2005 762 2083 penitus
778 2004 890 2066 excisis
903 2003 1072 2065 vicinarum

135 2124 289 2187 consensu
316 2104 481 2178 nationum,
505 2124 561 2165 seu
587 2103 747 2183 superbiae
770 2103 848 2178 odio,
865 2123 921 2164 seu
941 2102 1071 2182 praedae

135 2203 309 2276 dulcedine,
325 2223 380 2265 seu
396 2203 498 2265 favore
521 2203 663 2284 quodem
675 2224 747 2286 erge
761 2224 817 2265 nos
832 2201 978 2265 deorum:
1001 2222 1072 2264 nam

136 2323 175 2365 ne
187 2302 368 2389 spectaculo
378 2303 503 2385 quidem
517 2303 628 2383 proelii·
638 2304 789 2367 invidere:
814 2321 905 2384 super
917 2302 1072 2384 sexaginte

136 2403 241 2478 millia,
264 2405 441 2481 non-ermis
463 2403 590 2486 telisque
613 2403 773 2479 Romanis,
796 2404 861 2478 sed,
885 2402 966 2485 quod
986 2422 1072 2484 meg·

136 2504 309 2590 nificentius
352 2515 408 2578 est,
450 2504 643 2567 oblectationi
677 2504 844 2585 ocul-isque
886 2500 1071 2564 ceciderunt.

137 2603 272 2678 Manent,
294 2623 420 2685 quaeso,
428 2602 584 2684 duretque
606 2602 758 2684 gentibus,
775 2603 800 2666 si
816 2621 875 2662 non
896 2620 982 2660 amor
1002 2619 1072 2659 nos-

136 2705 193 2778 tri,
206 2715 248 2765 et.
262 2715 354 2766 certe·
367 2702 471 2766 odium
498 2704 568 2765 sui:
599 2701 730 2784 quando,
753 2699 932 2782 urgentibus
954 2698 1071 2778 imperii

137 2804 220 2879 fetis,
234 2803 308 2889 nihil
330 2804 395 2887 jam
416 2816 570 2884 praestare
591 2803 711 2866 fortuna
733 2800 833 2884 majus
855 2810 964 2880 potest,
979 2818 1073 2880 quam

138 2903 484 2987 hostium-discordiam.
535 2946 538 2951 ·
746 2983 749 2991 Ι
918 2955 951 2961 .,

179 2999 323 3063 ΧΧΧΝ.
345 3003 542 3085 Angrivarios
555 3015 586 3065 et
598 3001 774 3066 Chamavos
786 3022 804 3063 a
815 3013 901 3084 tergo
912 2998 1072 3083 Dulgibini

138 3114 169 3165 et
199 3102 350 3166 Chasueri
378 3103 506 3166 cludunt
530 3103 669 3185 aliaeque
697 3114 815 3186 gentes,
838 3100 920 3164 houd
947 3101 1072 3181 perinde

138 3215 333 3267 memoratae.
385 3202 539 3267 Afronte
568 3202 658 3267 Frisii
683 3203 848 3282 excipiunt.
903 3200 1071 3284 Majoribus

138 3304 367 3385 minoribusque
389 3302 497 3366 Frisiis
508 3303 709 3369 rocabulnm·
722 3315 770 3365 est
784 3323 822 3363 ex
836 3300 927 3363 modo
940 3302 1069 3363 virium:

137 3403 441 3486 utraequenetiones
463 3424 563 3484 usque
590 3401 821 3473 sed-Oceanum
850 3399 961 3462 Rheno
986 3420 1071 3480 prae-

137 3516 289 3579 texuntur,
309 3502 533 3585 ambiuntque·
559 3504 726 3566 immensos
761 3502 887 3581 insuper
920 3499 1007 3562 lacus
1042 3511 1073 3562 et

139 3603 288 3666 Romanis
324 3596 476 3666 classibus
511 3605 678 3686 navigates.
716 3602 843 3683 ‚Ipsum
872 3601 946 3689 quin
981 3599 1072 3660 etiem'

139 3703 300 3793 Oceanum
314 3703 599 3769 illatentarimus:
624 3714 655 3765 et
680 3721 842 3783 superesse
870 3696 971 3762 adhuc
992 3695 1073 3758 Her-

138 3804 224 3898 culis
246 3803 406 3892 columnas
424 3801 513 3948 1³¹3}
532 3803 689 3887 vulgavit-3
719 3802 784 3865 sire
812 3798 887 3867 odiit
908 3794 1072 3874 Herculem
