2424 4388
135 445 177 506 94
444 458 473 499 c.
498 455 594 499 coru.
616 452 752 497 uncinus

136 626 202 680 seu,
228 604 373 687 quioquid
399 603 512 686 ubique
538 601 735 685 magnificum
761 612 818 676 est,
846 600 876 662 in
902 599 1072 664 claritatem

136 705 203 788 ejus
217 703 329 766 referre
349 703 572 765 consensimus.
616 701 685 764 Nec
699 701 798 762 defuit
812 700 954 763 audentia
969 700 1073 763 Druso

138 804 341 867 Germanico:
366 803 421 865 sed
443 803 557 864 obstitit
573 802 717 862 Oceanus
732 802 763 863 in
778 821 812 862 se
827 800 919 862 simul
936 815 1027 883 atque
1043 802 1073 863 in

137 904 308 968 Herculem
330 904 450 985 inquiri.
496 901 571 963 Mox
592 922 682 963 nemo
704 902 851 976 tentavit;
875 905 1073 983 sanctiusque

138 1026 174 1067 ac
199 1004 386 1066 reverentius
409 1003 519 1076 visum,
534 1001 573 1064 de
588 1001 664 1063 actis
678 1001 806 1063 deorum
828 1000 963 1075 credere,
979 1021 1073 1083 quam

138 1106 239 1185 scire„

180 1201 310 1264 XXXV.
333 1204 492 1267 Hactenus
507 1204 539 1266 in
554 1201 756 1265 Occidentem
772 1201 970 1264 Germaniam
988 1203 1076 1265 nori·

139 1327 220 1369 mus.
256 1304 293 1368 In
308 1304 551 1385 Septentrionem
566 1302 681 1386 ingenti
692 1301 775 1365 flexu
788 1301 876 1364 redit.
914 1301 962 1363 Ac
975 1303 1075 1381 primo

141 1406 241 1467 statim
266 1402 462 1466 Chaucorum
483 1423 570 1485 gens,
586 1421 761 1485 quanquam
782 1401 906 1480 incipiat
927 1421 946 1462 a
967 1398 1075 1463 Frisiis

140 1526 178 1567 ac
205 1517 322 1589 partem
350 1503 457 1565 littoris
487 1514 626 1582 occupet,
656 1503 803 1577 omniurn,
832 1521 909 1584 quas
936 1502 1075 1582 exposui,

141 1606 279 1688 gentium
304 1603 448 1666 lateribus
471 1602 652 1677 obtenditur,
668 1601 764 1663 donec
788 1601 820 1664 in
844 1601 952 1665 Cattos
975 1622 1077 1686 usque

143 1706 288 1766 sinuetur.
342 1703 424 1764 'Iam
459 1705 644 1765 immensum
672 1715 820 1764 terrarum
855 1701 988 1782 spatium
1016 1723 1076 1764 non

142 1816 246 1867 tenent
259 1816 377 1867 tantum
400 1803 530 1878 Chauci,
547 1803 601 1865 sed
623 1815 654 1864 et
675 1803 822 1883 implent:
845 1801 977 1883 populus
999 1803 1078 1866 iuter

144 1903 315 1967 Germanos
339 1904 557 1977 nobilissimus,
584 1904 698 1986 quique
722 1902 962 1986 magnitudinem
986 1922 1077 1966 suam

143 2004 229 2068 malit
250 2004 367 2087 justitia
391 2004 488 2067 tueri:
512 2004 578 2065 sine
601 2003 777 2087 cupiditate,
800 2004 865 2065 sine
888 2003 1075 2084 impotentia,

143 2105 239 2186 quieti
254 2106 434 2186 secretique,
450 2101 534 2167 nulla
547 2117 712 2187 provocant
729 2102 818 2179 bella,
834 2101 926 2166 nullis
940 2105 1078 2184 raptibus

143 2216 197 2266 aut
210 2203 374 2266 latrociniis
398 2203 589 2284 populantur.
634 2203 731 2286 quue
745 2205 943 2284 praecipuum
956 2205 1078 2268 virtutis

144 2325 181 2366 ac
194 2303 306 2365 virium
327 2315 541 2385 argumentum
560 2315 617 2377 est,
632 2303 725 2386 quod,
739 2317 774 2366 ut
789 2323 961 2387 superiores
975 2315 1077 2388 agant,

145 2424 204 2464 non
219 2423 273 2482 per
294 2402 418 2485 injurias
439 2415 653 2484 assequuntur.
696 2402 844 2488 Prompta
864 2415 967 2466 tamen
981 2405 1080 2468 omni·

144 2504 203 2566 bus
236 2524 329 2578 arma,
359 2522 405 2578 ac,
435 2503 462 2566 si
489 2523 538 2565 res
574 2517 689 2583 poscat,
719 2505 881 2579 exercitus,
910 2503 1080 2585 plurimum

144 2606 276 2667 virorum
291 2624 520 2687 equorumque:
544 2615 575 2665 et
589 2603 817 2685 quiescentibus
832 2604 940 2667 eadem
953 2604 1046 2668 fama.

186 2701 330 2765 XXXVI.
381 2705 417 2767 In
465 2705 558 2767 latere
610 2703 808 2767 Chaucorum
858 2704 1079 2788 Cattommque

148 2805 300 2868 Cherusci
321 2805 447 2867 nimiam
460 2826 496 2867 ac
518 2815 704 2867 marcentem
716 2804 771 2867 diu
791 2825 900 2885 pacem
921 2804 1081 2869 illacesriti

145 2906 333 2979 nutrierunt;
357 2903 448 2986 idque
467 2904 644 2987 jucundius,
665 2925 757 2987 quam
779 2906 884 2980 tutius,
906 2904 984 2968 fuit:
1007 2907 1081 2989 quia

147 3009 225 3066 inter
245 3005 426 3083 impotentes
449 3005 609 3067 etvalidos
624 3005 702 3068 falso
724 3007 886 3088 quiescas3
909 3006 962 3069 ubi
985 3027 1082 3069 manu

147 3104 256 3186 agitur,
280 3102 430 3165 modestia
451 3125 488 3167 ac
508 3106 642 3188 probitas
668 3107 790 3167 nomina
812 3106 976 3189 superioris
998 3119 1080 3170 sunt.

149 3204 205 3278 lta,
220 3204 273 3286 qui
289 3203 360 3266 olim
375 3203 446 3266 boni
469 3206 620 3288 aequique
637 3204 798 3281 Cherusci,
814 3226 895 3269 nunc
917 3207 1029 3269 inertes
1044 3228 1083 3270 ac

149 3303 233 3366 stulti
256 3315 421 3366 vocantur:
447 3305 546 3368 Cattis
570 3306 736 3368 victoribus
762 3305 881 3369 fortuna
905 3307 937 3368 in
962 3307 1083 3387 sapien-

147 3404 221 3467 tiam
242 3405 347 3466 cessit.
390 3405 496 3469 Tracti
517 3407 604 3468 ruina
623 3405 852 3469 Cheruscorum
866 3418 897 3469 et
910 3405 994 3482 Fosi,
1010 3428 1083 3470 con·

147 3504 277 3567 termina
297 3524 383 3587 gens,
398 3504 593 3568 adversarum
614 3526 717 3568 rorum
731 3526 769 3567 ex
783 3526 883 3590 aequo
907 3507 993 3582 socii,
1009 3527 1083 3571 cum

149 3606 180 3668 in
195 3603 339 3667 secundis
353 3605 485 3666 minores
500 3603 639 3668 fuissent.

189 3701 347 3765 XXXVII.
399 3703 543 3768 Eundem
585 3704 768 3770 Germaniae
810 3709 913 3772 sinum
952 3708 1084 3790 proximi

133 3805 276 3870 ¹Oceano
305 3805 424 3872 Cimbri
452 3819 564 3884 tenent,
578 3828 671 3890 parra
687 3828 770 3872 nunc
783 3809 901 3885 civitas,
917 3809 974 3874 sed
986 3809 1085 3894 ‘gloria
