2424 4388
483 431 650 477 aenioom.
998 417 1040 478 43

94 584 138 645 33,
162 583 206 632 33.
230 577 305 631 Nova
333 577 461 648 expeditio
483 595 564 631 novas
593 586 686 648 gentes
709 580 799 649 aperit,
822 595 889 647 quae
912 577 1040 648 praesidio

129 666 274 718 firmantur.
310 663 450 733 Agricolae
471 664 567 717 candor
583 667 610 717 in
629 665 844 718 communicanda
867 665 958 735 gloria.
995 671 1039 720 34.

130 749 277 802 Consilium
294 748 326 801 de
344 748 494 819 occupanda
505 749 645 815 Hibernia.
683 752 795 803 26-27.
817 749 944 803 Civitates
966 758 1039 804 trans

130 835 279 888 Bodotriam
302 837 368 888 sitae
386 835 559 904 explorantur.
596 835 738 899 Caledonii,
756 835 889 889 Romanos
912 839 1039 906 aggressi,

131 920 387 988 consilioductuque
405 920 545 990 Agricolae
570 920 645 990 pulsi,
666 923 801 975 sacrificiis
824 922 1039 992 conspirationem

130 1007 266 1059 civitatum
290 1007 420 1059 sanciunt
463 1009 505 1058 28.
531 1005 682 1075 Usipiorum
700 1007 792 1059 cohors
815 1009 881 1059 miro
899 1023 964 1059 casu
982 1007 1039 1060 Bri·

130 1093 248 1145 tanniam
272 1094 455 1146 circumvecta.
504 1093 644 1162 Agricolae
668 1093 738 1145 filius
761 1095 822 1146 obit.
868 1098 910 1146 29.
936 1093 1039 1147 Bellum

131 1179 251 1232 Britanni
269 1186 391 1249 reparant
401 1179 517 1249 Calgaco
530 1180 605 1244 duce,
617 1181 692 1246 cujus
706 1164 817 1233 30-'aa
830 1181 912 1233 oratio
924 1181 955 1233 ad
968 1198 1038 1234 suos.

133 1270 174 1329 33,
187 1270 229 1318 34.
248 1265 381 1318 Romanos
403 1283 504 1334 quoque
521 1266 638 1319 hortatur
657 1266 790 1336 Agricola.
827 1268 938 1319 ati-37.
957 1268 1040 1320 Atrox

131 1358 159 1404 et
176 1359 313 1405 cruentum
331 1351 466 1420 proelium.
504 1356 545 1404 38.
564 1351 651 1405 Penes
663 1351 797 1404 Romanos
809 1353 924 1405 uictoria.
960 1353 1038 1422 Agri·
1050 1362 1079 1427 'tg-

132 1437 191 1491 cola
201 1437 365 1490 Britanniam
377 1437 536 1491 circumvehi
550 1438 681 1508 praecipit.

97 1528 140 1578 39.
158 1524 333 1588 Domitianus,
344 1525 428 1579 fronte
445 1525 538 1587 laetus,
550 1532 652 1595 pectore
669 1527 772 1588 anxius,
784 1527 904 1578 uiantium
917 1525 1041 1580 victoriae

132 1614 236 1681 excipit.
272 1617 315 1664 40.
334 1611 455 1664 Honores
473 1618 561 1664 tamen
572 1612 713 1680 Agricolae
727 1611 830 1665 decerni
847 1612 927 1678 jubet,
939 1612 1042 1665 condito

132 1698 198 1762 odio,
215 1698 298 1752 donec
321 1699 454 1768 provincia
477 1697 585 1751 decedat
602 1698 736 1767 Agricola.
772 1698 798 1750 Is
823 1698 904 1752 redux
927 1698 1042 1752 modesta

132 1785 195 1854 agit.
232 1791 275 1836 41.
293 1783 444 1837 Periculum
462 1784 496 1836 ab
519 1785 716 1837 accusatoribus
734 1791 761 1838 et
777 1784 960 1841 laudatoribus.
997 1789 1040 1838 43.

132 1869 251 1922 Excusat
262 1887 299 1933 se,
311 1887 345 1923 ne
357 1871 516 1940 provinciam
535 1869 657 1922 sortiatur
672 1870 817 1939 proconsul.
854 1876 897 1923 43.
916 1870 978 1924 Obit
989 1887 1042 1923 non

133 1959 190 2009 sine
213 1956 307 2011 veneni
331 1955 487 2026 suspicione,
507 1973 524 2008 a
541 1956 690 2009 Domitiano
707 1956 768 2009 dati.
805 1962 847 2009 44.
872 1955 937 2022 Bjus
961 1963 1042 2020 aetas,

132 2043 244 2107 habitus,
262 2043 380 2106 honores,
398 2059 468 2113 opes.
505 2045 549 2096 45.
571 2042 664 2095 Mortis
683 2045 858 2112 opportunitas
876 2051 936 2097 ante
953 2042 1042 2096 Domi·

131 2129 196 2182 tiani
214 2129 371 2182 atrocitates.
408 2133 450 2182 46.
469 2129 590 2191 Questus
608 2130 723 2182 auctoris
740 2128 817 2182 et'ex
828 2131 922 2182 virtme
941 2128 1040 2182 solatia.

133 2215 216 2269 Fama
229 2215 370 2285 Agricolae
382 2214 414 2268 ad
427 2223 542 2286 posteros
556 2217 717 2268 mansurissa.

142 2405 169 2468 Ι.
207 2405 389 2468 Carnorum
426 2407 557 2468 virorum
595 2404 676 2467 sacta
714 2425 884 2489 moresque¹
912 2405 1053 2499 posteris*

97 2507 227 2582 tradere,
250 2507 417 2590 antiquitus
446 2508 601 2594 usitatum,
626 2527 663 2567 ne
686 2507 796 2567 nostris
819 2504 944 2587 quidem
966 2518 1042 2567 tem·
1120 2521 1122 2525 ’

97 2608 224 2689 poribus
252 2629 426 2690 quanquam
464 2608 617 2669 incuriosa
654 2627 780 2667 suorum
816 2619 900 2666 aetas
930 2605 1042 2680 omisit,

98 2710 240 2792 quotiens
263 2729 374 2789 magna
390 2707 492 2790 aliqua
506 2729 543 2769 ac
558 2708 667 2769 nobilis
684 2708 778 2767 virtus
794 2706 867 2768 vicit
881 2727 917 2766 ac
938 2726 1044 2785 super·

98 2830 206 2893 gressa
229 2821 277 2871 est
298 2809 407 2871 vitium
428 2809 529 2888 parvis
554 2809 735 2890 magnisque
762 2805 936 2868 civitatibus
960 2826 1044 2868 com·

99 2930 203 2984 mune,
240 2909 440 2992 ignorantiam
476 2909 551 2970 recti
588 2921 618 2969 et
653 2907 809 2969 invidiam.
864 2905 927 2968 Sed
963 2905 1044 2986 apud

98 3011 225 3091 prioreS,
241 3023 275 3072 ut
289 3030 380 3093 agere
399 3022 568 3072 memoratu
583 3008 676 3091 digna
691 3030 820 3088 pronum
835 3010 995 3092 magisque
1011 3011 1042 3071 in

100 3123 205 3192 aperto
220 3124 293 3185 erat,
310 3112 351 3173 ita
374 3110 591 3172 celeberrimus
616 3111 745 3192 quisque
769 3110 891 3192 ingenio
915 3110 953 3171 ad
976 3131 1044 3189 pro·

99 3211 231 3274 dandam
247 3213 366 3274 virtutis
389 3212 578 3284 memoriam,
596 3211 661 3272 sina
676 3211 773 3292 gratia
794 3224 848 3273 aut
868 3211 1043 3284 ambitione,

99 3313 198 3374 bonae
213 3324 332 3374 tantum
347 3312 552 3373 conscientiae
567 3312 664 3390 pretio
678 3310 857 3372 ducebatur.
894 3312 942 3372 Ac
956 3310 1046 3390 pleri-

101 3407 162 3495 que
178 3434 266 3474 suam
290 3413 348 3493 ipsi
363 3413 457 3474 vitam
479 3431 598 3473 narrare
621 3410 765 3472 fiduciam
788 3412 890 3490 potius
913 3427 1042 3484 morum,

102 3535 196 3596 quam
224 3515 427 3596 arrogantiam
456 3511 589 3573 arbitrati
616 3524 704 3572 sunt:
729 3532 787 3572 nec
815 3509 846 3572 id
876 3509 994 3573 Rutilio
1016 3523 1048 3570 ct

105 3615 223 3678 Scauro
245 3616 320 3678 citra
335 3615 427 3676 fidem
450 3626 503 3676 aut
525 3613 734 3674 obtrectationi
756 3611 832 3674 fuit:
856 3611 933 3672 adeo
954 3612 1047 3671 virtu-

103 3727 150 3779 tes
187 3716 299 3779 iisdem
334 3715 523 3796 temporibus
554 3713 667 3797 optimo
697 3713 904 3784 aestimantur,
934 3709 1047 3792 quibus

103 3817 250 3883 facillime
278 3817 454 3900 gignuntur.
499 3816 541 3877 At
563 3813 647 3888 mihi,
670 3834 753 3875 nunc
777 3823 933 3874 rrarraturo
954 3809 1048 3874 vitam
