2424 4388
483 435 523 479 ou
548 435 725 478 oriturum.
1034 423 1075 480 29

134 595 202 648 tum
217 595 320 644 tamen
335 594 387 644 aut
401 582 576 644 mercedem
590 605 598 655 ;
621 585 763 664 quamvis
783 582 908 644 audacis
931 582 1076 647 lasciviae

133 685 268 765 pretium
305 695 352 744 est
391 682 530 762 voluptas
567 684 782 765 spectantium.
836 683 957 758 Aleum,
994 683 1076 765 quod

135 785 256 857 mirere,
275 783 367 845 sobrii
390 783 467 845 inter
489 784 568 845 seria
590 795 731 845 exercent
753 795 836 845 tanta
858 783 992 847 lucrandi
1009 804 1076 864 per-

136 882 267 946 dendive
283 884 462 956 temeritate,
478 895 522 956 ut,
535 904 607 945 cum
622 885 724 945 omnia
738 883 925 959 defecerunt,
942 897 1077 946 extremo

135 1005 173 1046 ac
195 984 363 1046 novissimo
386 983 469 1065 jactu
484 982 523 1044 de
546 983 683 1045 libertate
705 996 735 1045 ct
749 983 787 1045 de
803 1005 930 1066 corpore
952 996 1076 1047 conten·

135 1084 219 1146 dant.
263 1082 372 1145 Victus
395 1070 595 1145 voluntariam
625 1085 802 1146 servitutem
825 1084 905 1145 adit:
937 1086 1077 1166 quamvis

141 1185 291 1268 juvenior,
327 1185 467 1266 quamvis
504 1184 663 1252 robustior,
692 1184 809 1264 alligari
846 1205 880 1245 se
909 1205 945 1246 ac
973 1186 1077 1247 venire

136 1287 268 1368 patitur:
299 1306 335 1346 ea
364 1297 411 1346 est
440 1286 470 1347 in
499 1305 532 1345 re
562 1305 654 1363 prava
682 1285 873 1364 pervicacia:
898 1285 956 1364 ipsi
984 1283 1077 1347 fidem

136 1397 257 1447 vocant.
310 1385 422 1447 Servos
459 1384 641 1449 conditionis
675 1384 767 1467 hujus
803 1406 858 1467 per
893 1387 1078 1448 commercia

136 1485 266 1560 tradunt,
283 1498 316 1548 ut
330 1507 364 1547 ae
380 1507 502 1568 quoque
517 1485 633 1565 pudore
647 1486 791 1547 victoriae
806 1485 973 1548 exsolvant.

179 1585 284 1648 XXV.
308 1583 427 1647 Ceteris
450 1587 556 1659 servis,
580 1607 639 1647 non
661 1587 692 1648 iu
713 1597 851 1647 nostrum
873 1606 991 1647 morem
1006 1585 1076 1646 des-

136 1687 241 1766 criptis
282 1707 338 1766 per
371 1685 520 1748 familiam
562 1687 749 1761 ministeriis,
785 1697 921 1748 utuntur.
980 1685 1077 1750 Suam

136 1788 268 1869 quisque
312 1786 427 1860 sedem,
472 1806 546 1848 suos
588 1799 713 1866 penates
756 1787 844 1869 regit.
918 1785 1077 1848 Frumenti

137 1887 264 1950 modum
292 1886 445 1960 dominus,
472 1898 525 1947 aut
555 1887 672 1966 pecoris
700 1902 753 1949 aut
774 1887 879 1961 vastia,
902 1899 934 1949 ut
958 1885 1075 1960 colono,

137 1987 289 2071 injungit:
327 1999 357 2049 et
386 2007 493 2049 servus
522 1982 670 2049 liactenus
698 2000 803 2067 paret;
837 1999 938 2050 cetera
965 1986 1076 2048 domus

59 2139 61 2143 .
138 2087 239 2150 officia
252 2109 329 2149 uxor
343 2109 379 2149 ac
393 2087 481 2149 liberi
503 2101 720 2170 exsequuntur.
765 2086 933 2148 Verberare
953 2106 1076 2148 servum

137 2209 174 2258 ac
187 2187 320 2250 vinculis
335 2199 366 2249 et
380 2207 470 2266 opere
486 2207 638 2263 coercere,
651 2209 763 2250 rarum.
801 2187 951 2249 Occidere
968 2187 1074 2261 solent,

137 2309 198 2350 non
225 2288 386 2368 disciplina
415 2300 445 2349 et
474 2289 645 2364 severitate,
675 2288 730 2350 aed
759 2289 874 2368 impetu
904 2300 935 2350 et
958 2289 1012 2362 ira,
1042 2298 1077 2350 ut

137 2390 306 2462 inimicum,
336 2388 395 2451 nisi
422 2389 506 2471 quod
533 2390 670 2472 impune.
714 2387 831 2452 Liberti
859 2411 919 2452 non
944 2389 1077 2452 multum

138 2510 230 2569 supra
252 2510 355 2552 servos
380 2502 460 2564 sunt,
476 2510 543 2552 raro
565 2490 688 2572 aliquod
709 2503 899 2553 momentum
921 2491 952 2551 in
973 2490 1075 2565 domo,

137 2609 293 2670 nunquam
315 2589 345 2651 in
368 2589 512 2665 civitate;
535 2591 672 2669 exceptis
693 2589 839 2650 duntaxat
860 2591 898 2650 iis
922 2589 1075 2671 gentibuS,

136 2709 216 2771 quae
237 2701 422 2770 regnantur:
450 2688 491 2751 ibi
517 2691 598 2751 enim
614 2701 645 2750 et
660 2709 753 2770 super
774 2689 923 2769 ingenuos
939 2701 970 2750 et
985 2709 1077 2768 super

137 2788 256 2851 nobiles
292 2789 481 2851 ascendunt:
519 2789 602 2872 apud
630 2801 748 2851 ceteros
784 2790 915 2869 impares
945 2789 1075 2852 libertini

136 2887 285 2951 libertatis
307 2901 522 2970 argumentum
545 2901 626 2951 sunt.

180 2987 301 3051 XXVI.
324 2988 428 3051 Fenus
451 2991 564 3072 agitare
580 2993 655 3053 etin
671 3013 780 3054 usuras
803 2992 974 3067 extendere,
990 2994 1075 3076 igno·

137 3103 222 3151 tum:
246 3089 376 3171 ideoque
399 3084 498 3173 magis
521 3105 666 3166 servatur,
683 3114 774 3173 quam
790 3094 816 3154 si
832 3094 957 3155 vetitum
981 3106 1074 3156 esset.

137 3190 214 3272 Agri
238 3210 292 3272 pro
307 3210 435 3252 numero
453 3190 605 3253 cultorum
620 3192 658 3254 ab
671 3193 822 3254 universis
837 3195 868 3255 in
882 3195 967 3257 vices
983 3216 1074 3256 occu·

136 3302 254 3370 pantur,
289 3311 371 3372 quos
395 3312 467 3352 mox
501 3293 578 3354 inter
607 3313 640 3354 se
670 3292 840 3355 secundum
869 3293 1074 3375 dignationem

135 3390 325 3469 partiuntur:
363 3388 540 3452 facilitatem
577 3391 725 3474 partiendi
763 3413 939 3472 camporum
978 3396 1074 3473 spatia

135 3503 299 3569 praestant.
344 3489 428 3552 Arva
442 3512 496 3570 per
510 3512 604 3552 annos
622 3503 758 3554 mutant:
783 3505 813 3554 et
828 3505 967 3572 superest
981 3514 1072 3575 ager3

136 3609 194 3650 nec
209 3590 291 3651 enim
306 3610 378 3652 cum
392 3590 529 3652 ubertate
545 3605 576 3653 et
590 3592 787 3672 amplitudine
804 3593 859 3656 soli
882 3594 984 3656 labore
1003 3613 1074 3653 con-

135 3689 274 3764 tendunt,
296 3701 330 3752 ut
355 3692 491 3770 pomaria
519 3705 679 3755 conserant
707 3705 738 3756 et
765 3707 850 3774 prata
879 3704 1019 3773 separent
1043 3704 1075 3755 et

135 3788 240 3855 hortos
268 3791 388 3875 rigent:
426 3791 492 3854 sola
519 3805 616 3855 terrae
645 3814 736 3876 seges
765 3795 940 3874 imperatur.
984 3790 1074 3857 Unde
