2424 4388
132 410 179 471 48
400 480 403 487 Δ
463 425 492 465 c.
517 421 613 466 caan.
637 420 747 464 nacrrr

134 573 212 637 tium
234 570 453 652 exemplomm.
498 570 562 633 Sed
583 571 683 653 primo
699 567 832 631 Cerialis
853 566 946 631 modo
959 566 1080 631 labores

134 686 166 736 et
188 673 372 747 discrimina,
395 693 467 734 mox
488 686 520 733 et
540 670 668 754 gloriam
694 669 962 732 communicabat:
988 689 1081 748 saepe

135 774 211 855 parti
229 773 382 835 exercitus
405 773 435 834 in
458 773 710 851 experimentum,
727 767 891 851 aliquando
912 767 1081 852 majoribus

135 875 232 957 copiis
255 894 294 935 ex
315 885 426 935 eventu
452 871 618 955 praefecit:
643 891 700 932 nec
722 869 868 952 Agricola
889 890 1027 951 unquam
1050 871 1080 932 in

136 995 225 1036 suam
239 973 352 1036 samam
368 974 463 1055 gestis
479 972 660 1046 exsultavi13
684 970 722 1032 ed
737 982 895 1033 auctorem
910 981 941 1032 et
955 969 1079 1045 ducem,

136 1087 170 1137 ut
193 1075 339 1148 minister,
363 1073 516 1135 fortunam
540 1071 711 1135 referebat:
735 1072 777 1133 ita
800 1071 910 1133 virtute
934 1070 966 1132 in
992 1071 1080 1132 obse·

135 1175 267 1257 quando,
296 1173 480 1236 verecundia
497 1174 539 1235 ‚in
568 1171 781 1253 praedicando,
811 1184 896 1233 extra
920 1170 1079 1246 invidiam,

135 1297 193 1338 nec
209 1289 292 1338 extra
306 1275 433 1358 gloriam
452 1286 525 1336 erat.

179 1375 237 1440 IX.
262 1376 479 1439 Revertentem
502 1375 540 1436 ab
562 1374 715 1457 legatione
737 1374 867 1456 legionis
889 1372 981 1436 dirus
1001 1371 1080 1434 Ves-

135 1479 281 1562 pasianus
305 1478 382 1539 inter
403 1476 546 1560 patricios
567 1475 685 1549 ascivit,
708 1495 745 1537 ac
766 1472 877 1537 deinde
903 1474 1080 1557 provinciae

136 1579 320 1659 Aquitaniae
341 1577 526 1656 praeposuit,
544 1574 720 1656 splendidae
742 1576 774 1637 in
795 1574 901 1654 primis
923 1573 1081 1656 dignitatis

136 1676 395 1739 administratione
432 1697 468 1738 ac
505 1698 560 1760 spe
598 1675 785 1749 consulatus,
815 1675 867 1737 cui
903 1673 1080 1739 destinarat.

139 1775 277 1838 Credunt
313 1775 450 1858 plerique
487 1777 668 1839 militaribus
705 1776 837 1858 ingeniis
880 1774 1079 1839 subtilitatem

137 1877 257 1951 deesse,
281 1877 353 1959 quia
374 1878 538 1939 castrensis
563 1876 736 1960 jurisdictio
761 1897 870 1939 secura
892 1887 923 1938 et
945 1875 1082 1938 obtusior

137 1998 174 2039 ac
197 1976 284 2060 plura
306 1998 397 2039 manu
421 1998 515 2059 agens
541 1977 737 2039 calliditatem
759 1976 817 2039 fori
840 1997 901 2039 nou
929 1988 1081 2038 exerceat.

138 2076 282 2160 Agricola
311 2077 439 2140 naturali
467 2077 637 2158 prudentia,
667 2078 808 2160 quamvis
838 2077 915 2159 inter
949 2088 1080 2160 togatos,

137 2177 227 2241 facilc
252 2179 396 2262 justeque
425 2179 544 2261 agebat.
589 2177 660 2240 Jam
682 2199 754 2240 vero
776 2191 913 2258 tempora
938 2199 1082 2241 curarum

137 2281 416 2362 remissionumque
431 2280 548 2342 divisa:
573 2279 625 2341 ubi
640 2292 809 2342 conventus
824 2300 861 2341 ac
878 2278 995 2361 judicia
1009 2300 1080 2362 pos·

137 2393 251 2456 serent,
280 2382 391 2464 gravis,
421 2381 565 2454 intentus,
597 2401 734 2455 severus,
758 2392 789 2442 et
811 2380 935 2463 saepius
961 2380 1080 2442 miseri·

138 2503 232 2557 cors;
270 2481 323 2544 ubi
360 2480 461 2543 officio
498 2479 698 2554 satisfactum,
729 2480 812 2543 nulla
841 2480 920 2542 ultra
946 2493 1081 2561 potesta·

138 2584 177 2646 tis
206 2604 356 2663 persona:
395 2582 546 2644 tristitiam
575 2593 607 2642 et
635 2582 835 2664 arrogantiam
863 2593 894 2643 et
923 2582 1080 2644 avaritiam

139 2698 282 2746 exuerat:
313 2683 447 2757 necilli,
470 2681 550 2764 quod
574 2695 622 2743 est
649 2682 850 2755 rarissimum,
874 2693 926 2743 aut
948 2680 1080 2744 facilitas

138 2786 349 2847 auctoritatem
364 2797 417 2845 aut
435 2785 581 2845 severitas
597 2803 732 2844 amorem
746 2782 906 2845 deminuit.
951 2781 1080 2865 Integri-

139 2898 232 2947 tatem
255 2897 345 2965 atque
368 2885 581 2946 abstinentiam
605 2885 636 2945 in
657 2896 741 2945 tanto
754 2883 819 2945 viro
833 2882 956 2957 referre,
972 2883 1081 2966 injuria

139 2985 284 3046 virtutum
300 2984 400 3045 fuerit.
447 2983 496 3046 Ne
511 2985 625 3046 famam
641 2983 776 3066 quidenr,
792 2984 843 3046 cui
869 2984 962 3045 etiam
987 3003 1080 3062 saepe

140 3084 211 3145 boni
247 3083 414 3166 indulgent,
445 3084 624 3147 ostentanda
658 3085 778 3159 virtuto,
808 3096 862 3147 aut
894 3104 949 3164 per
983 3097 1080 3146 artem

140 3185 308 3267 quaesivit:
336 3185 441 3263 procul
467 3185 505 3246 ab
528 3185 730 3247 aemulatione
760 3185 907 3247 adversus
932 3180 1080 3266 collegas,

140 3286 245 3368 procul
261 3305 279 3346 a
293 3287 483 3347 contentione
506 3286 653 3346 adversus
676 3297 897 3365 procuratores,
913 3296 944 3345 et
958 3285 1081 3346 vincere

141 3384 312 3467 inglorium,
343 3399 374 3447 et
402 3387 489 3447 atteri
518 3385 674 3447 sordidum
710 3385 920 3465 arbitrabatur.
974 3383 1081 3447 Minus

142 3486 303 3548 triennium
319 3487 348 3547 in
364 3507 400 3546 ea
422 3485 573 3568 legatione
596 3485 737 3547 detentus
759 3506 796 3545 ac
819 3485 921 3546 statim
936 3483 975 3546 ad
993 3505 1081 3568 spem

139 3586 317 3649 consulatus
346 3600 506 3647 revocatus
530 3598 586 3660 est,
610 3587 774 3647 comitante
796 3585 937 3664 opinione
961 3583 1082 3646 Britan·

141 3689 223 3751 niam
238 3689 266 3749 ei
281 3687 467 3767 provinciam
483 3686 546 3748 dari
569 3687 661 3749 nullis
677 3687 707 3747 in
724 3686 782 3748 lroc
797 3687 862 3747 suis
877 3684 1081 3761 sermonibus,

142 3788 196 3851 sed
222 3790 294 3870 quia
322 3809 376 3868 par
401 3787 569 3851 ridebatur.
615 3785 710 3849 Haud
739 3806 863 3869 semper
887 3797 965 3847 errat
990 3783 1084 3858 fama
