2424 4388
491 391 661 435 santonus.
1005 378 1043 436 61

103 561 216 622 neque,
231 552 267 603 ut
286 539 424 622 plerique
446 540 570 602 fortium
593 541 735 615 virorum,
752 541 922 616 ambitiose,
944 561 1046 623 neque

103 661 159 723 per
180 640 316 702 lamenta
337 661 442 701 rursus
458 661 494 701 ac
509 661 679 701 moerorem
701 640 888 702 muliebriter
902 640 991 702 tulit:
1016 652 1047 702 et

104 743 136 803 in
151 739 238 802 luctu
254 740 368 802 bellum
392 742 468 802 inter
489 739 626 801 remedia
641 753 714 802 erat.
758 740 856 822 Igitur
877 742 1046 820 praemissa

105 842 217 915 classe,
233 862 312 923 quae
328 841 467 925 pluribus
482 841 558 902 locis
573 840 727 920 praedata,
742 862 889 923 magnum
904 853 935 902 et
949 843 1046 903 incer·

104 955 172 1003 turn
187 953 332 1003 terrorem
348 939 472 1015 faceret,
489 941 630 1020 expedito
646 942 791 1016 exercitu,
808 943 858 1003 cui
873 963 912 1003 ex
927 940 1046 1004 Britan·

105 1044 153 1103 nis
169 1042 352 1103 l'ortissimos
374 1054 405 1103 et
426 1041 516 1123 longa
537 1062 615 1120 pace
637 1041 806 1120 exploratos
827 1041 991 1116 addiderat,
1008 1041 1047 1105 ad

105 1153 242 1203 montem
266 1140 448 1220 Grampium
470 1143 616 1221 pervenit,
638 1162 731 1223 quem
754 1142 817 1224 jam
840 1141 944 1204 hostes
967 1143 1048 1204 inse-

104 1242 222 1304 derant.
277 1241 359 1304 Nam
390 1241 536 1316 Britanni,
566 1242 641 1304 nihil
670 1241 755 1304 fracti
790 1263 911 1324 pugnae
940 1243 1048 1322 prioris

107 1356 230 1416 eventu,
255 1355 285 1404 et
307 1342 453 1405 ultionem
480 1356 532 1404 aut
558 1344 716 1404 servitium
739 1355 961 1423 exspectantes,
985 1357 1049 1406 tan·

105 1444 240 1526 demque
255 1443 336 1505 docti
362 1465 525 1505 commune
548 1443 721 1527 periculum
743 1443 905 1506 concordia
926 1443 1049 1524 propul-

107 1545 248 1619 sandum,
264 1545 468 1627 legationibus
491 1559 521 1606 et
536 1544 711 1607 foederibus
735 1546 871 1607 omnium
892 1546 1049 1607 civitatum

107 1647 188 1707 vires
212 1646 394 1707 asciverant.
439 1643 571 1727 Jamque
594 1667 686 1726 super
701 1647 822 1728 triginta
842 1646 937 1708 millia
952 1667 1049 1708 arma·

26 1771 29 1775 ’
106 1759 208 1809 torum
231 1747 465 1826 aspiciebantur,
482 1758 513 1808 et
534 1746 634 1808 adbuc
657 1746 801 1809 affluebat
824 1749 922 1809 omnis
941 1747 1050 1830 juven-

55 1880 58 1888 ·
107 1859 159 1908 tus
175 1847 334 1928 atquibus
356 1846 450 1907 cruda
472 1867 508 1908 ac
530 1846 634 1908 viridis
658 1862 811 1922 senectus,
828 1848 901 1910 clari
924 1848 1005 1910 bello
1020 1863 1051 1911 et

109 1969 167 2010 sua
181 1949 312 2030 quisque
328 1947 439 2009 decora
453 1960 628 2030 gestantes:
652 1969 725 2009 cum
745 1950 822 2010 inter
837 1949 938 2028 plures
954 1949 1051 2011 duces

107 2051 220 2112 virtute
247 2062 278 2110 et
299 2069 411 2132 genere
441 2061 610 2132 praestans,
633 2050 756 2111 nomine
781 2049 946 2132 Calgacus,
970 2049 1051 2131 apud

109 2163 297 2213 contractam
331 2149 560 2212 multitudinem
601 2149 753 2229 proelium
791 2163 980 2229 poscentem,
1018 2153 1049 2213 in

109 2251 193 2314 hunc
207 2251 334 2313 modum
349 2251 471 2312 locutus
486 2250 601 2312 fertur:

152 2348 255 2411 XXX.
280 2350 463 2424 “Quotiens
486 2371 595 2414 causas
618 2351 691 2414 belli
706 2364 736 2413 et
752 2352 967 2414 necessitatem
982 2374 1052 2415 nos-

109 2466 189 2516 tram
218 2455 346 2527 intueor,
376 2473 506 2534 magnus
541 2451 616 2514 mihi
645 2453 766 2514 animus
796 2465 845 2514 est
872 2452 1056 2516 hodiernum⁴

111 2554 194 2617 diem
215 2574 463 2635 consensumque
486 2565 623 2615 vestrum
646 2554 767 2614 initium
788 2553 935 2615 libertatis
958 2555 1052 2616 totius

111 2654 285 2718 Britanniae
307 2654 383 2717 fore.
427 2653 510 2716 Nam
526 2667 556 2716 et
570 2655 701 2715 universi
726 2655 879 2715 servitutis
902 2668 1051 2734 expertes,

111 2769 142 2820 et
164 2757 265 2818 nullae
288 2755 366 2828 ultra
388 2769 494 2830 terrae,
518 2777 555 2818 ac
576 2777 614 2817 ne
637 2776 720 2817 mare
745 2755 870 2837 quidem
897 2777 1051 2833 securum,

111 2859 289 2921 imminente
303 2856 392 2918 nobis
415 2857 514 2918 classe
538 2856 700 2918 Romana:
725 2857 766 2918 ita
788 2856 938 2936 proelium
960 2869 1052 2940 atque

112 2979 206 3032 arma,
237 2978 316 3039 quae
345 2957 474 3019 fortibus
504 2957 640 3031 honesta,
671 2957 779 3018 eadem
807 2959 900 3018 ctiam
934 2959 1053 3042 ignavis

112 3060 266 3121 tutissima
298 3070 378 3120 sunt.
436 3057 559 3120 Priores
594 3079 728 3140 pugnae,
756 3059 868 3139 quibus
905 3060 1052 3122 adversus

114 3159 272 3222 Romanos
287 3160 370 3221 varia
384 3158 504 3220 fortuna
530 3170 680 3220 certatum
706 3174 762 3232 est,
779 3180 867 3238 spem
893 3181 929 3222 ac
953 3161 1054 3222 subsi-

112 3261 198 3323 dium
220 3262 252 3322 in
278 3261 389 3322 nostris
412 3259 553 3321 manibus
580 3258 752 3321 habebant:
777 3261 848 3341 quia
871 3261 1053 3323 nobilissimi

27 3382 30 3387 ·
112 3361 206 3423 totius
222 3358 397 3422 Britanniae
420 3380 518 3440 eoque
541 3361 572 3420 in
594 3360 669 3438 ipsis
691 3360 898 3439 penetralibus
921 3362 980 3436 siti,
996 3382 1054 3422 nec

114 3462 312 3523 servientium
334 3459 434 3521 littora
456 3460 651 3538 aspicientes
668 3459 773 3520 oculos
798 3481 919 3542 quoque
943 3483 961 3522 a
982 3482 1053 3522 con-

113 3574 197 3623 tactu
212 3561 427 3623 dominationis
450 3558 609 3620 inviolatos
635 3559 835 3622 habebamus
880 3558 1055 3655 Nospterra-

114 3682 184 3725 rum
212 3683 249 3723 ac
278 3661 423 3723 libertatis
450 3673 612 3734 extremos,
635 3681 778 3722 recessus
810 3663 874 3738 ipse
904 3679 940 3718 ac
970 3660 1055 3721 sinus

115 3762 216 3826 famae
242 3763 274 3825 in
302 3761 384 3824 hunc
408 3760 492 3823 diem
516 3759 673 3824 defendit:
703 3780 785 3821 nunc
814 3758 962 3820 terminus
988 3757 1056 3823 Bri·
