2424 4388
144 426 187 494 86
455 445 485 484 c.
508 441 604 484 sonu.
628 439 765 482 merrus

144 593 319 666 Germanis,
335 592 380 654 sie
397 590 571 651 Suevorum
592 587 718 670 ingenui
731 608 750 648 a
764 586 861 649 servis
883 598 1081 670 separantur:

143 696 175 758 ln
202 693 270 757 aliis
298 691 451 775 gentibus,
481 709 536 751 seu
566 689 746 770 cognatione
772 687 873 770 aliqua
896 686 1081 763 saevorum,

143 814 200 856 seu
228 791 310 875 quod
339 810 432 870 saepe
469 789 590 862 accidit,
619 789 787 850 imitatione
815 809 918 850 rarum
947 799 978 850 et
1006 789 1083 851 intra

148 893 292 977 juventae
308 891 462 971 spatium;
487 888 570 969 apud
592 888 722 963 Suevos,
747 909 845 970 usque
866 888 906 950 ad
927 889 1081 963 canitiem,

143 993 314 1055 horrentem
338 990 483 1071 capillum
503 1002 584 1052 retm
608 1001 786 1071 sequuntur,
802 1009 839 1051 ac
854 1009 947 1068 saepe
963 990 995 1051 in
1017 990 1083 1052 solo

142 1092 256 1155 vertice
277 1091 416 1173 religant.
461 1089 624 1168 Principes
639 1100 670 1150 et
685 1089 866 1150 ornatiorem
888 1088 1023 1151 babent:
1045 1110 1083 1152 ee

142 1212 217 1255 cura
244 1190 369 1266 formae,
400 1190 455 1252 sed
484 1189 645 1252 innoxiae:
675 1209 777 1270 neque
806 1189 889 1250 enim
916 1200 954 1250 ut
979 1202 1083 1251 ament

141 1304 341 1367 amenturre3
378 1292 410 1352 in
445 1289 635 1351 altitudinem
669 1287 823 1370 quandem
859 1300 890 1350 et
924 1300 1081 1363 terrorem,

141 1392 251 1456 edituri
266 1392 356 1466 bella,
372 1390 496 1470 compti,
514 1401 547 1451 ut
561 1387 696 1451 hostium
710 1388 818 1462 oeulis,
832 1401 985 1452 emantur.

183 1488 330 1551 XXXIX.
357 1490 593 1553 Vetustissimos
616 1509 650 1550 se
672 1489 939 1571 nobilissimosque
963 1489 1081 1552 Suevo-

141 1613 211 1655 rum
223 1593 395 1654 Semnones
410 1603 589 1653 memorant.
624 1588 717 1651 Fides
732 1591 920 1671 antiquitatis
933 1590 1081 1672 religione

141 1692 287 1754 firmatur.
312 1730 315 1734 ι
332 1691 419 1754 State
434 1705 570 1772 tempore
586 1692 617 1753 in
641 1691 749 1752 silvam
763 1691 901 1773 auguriis
915 1705 1036 1770 patrum
1051 1704 1083 1754 et

140 1792 242 1876 prisca
270 1790 430 1853 formidine
461 1812 589 1866 sacram,
619 1811 726 1853 omnes
755 1791 895 1873 ejusdem
923 1793 1081 1874 sanguinis

139 1891 244 1971 populi
269 1891 472 1973 legationibus
497 1904 616 1966 coeunt,
631 1912 784 1973 caesoque
809 1889 932 1971 publice
957 1890 1081 1954 homine

140 1990 296 2053 celebrant
316 1991 434 2054 barbari
462 1999 538 2054 ritus
568 1991 716 2054 horrenda
743 1991 917 2070 primordia.
962 1991 1022 2054 Est
1051 2005 1082 2054 et

139 2090 198 2153 alia
212 2091 284 2154 luco
297 2093 477 2155 reverentia.
522 2092 625 2154 Nemo
640 2093 699 2155 nisi
714 2091 837 2154 viuculo
852 2092 964 2175 ligatus
979 2093 1080 2176 ingre-

138 2191 228 2268 ditur,
244 2204 279 2255 ut
293 2194 392 2256 minor
415 2206 446 2256 et
464 2205 647 2273 potestatem
674 2193 809 2255 numinis
831 2192 1079 2272 praeseferens.

139 2291 175 2354 Si
209 2292 286 2354 forte
321 2293 482 2374 prolapsus
518 2305 575 2368 est,
604 2293 701 2356 attolli
737 2306 768 2356 et
802 2295 960 2377 insurgere
998 2294 1081 2358 haud

137 2391 276 2455 licitum:
299 2414 355 2474 per
369 2392 499 2456 humum
521 2393 720 2457 evolvuntur:
745 2415 843 2477 eoque
858 2397 958 2458 omnis
973 2417 1080 2476 super·

137 2493 220 2556 stitio
240 2495 375 2578 respicit,
391 2506 536 2577 tanquam
559 2494 628 2557 inde
644 2495 729 2558 initia
751 2497 860 2578 gentis,
877 2497 919 2558 ibi
938 2509 1081 2580 regnator

137 2595 275 2658 omnium
289 2594 377 2671 deus,
393 2606 496 2658 cetera
516 2596 654 2678 subjecta
668 2609 760 2678 atque
774 2597 920 2676 parentia.
964 2597 1080 2681 Adjicit

136 2684 347 2759 auctoritatem
361 2696 482 2759 fortuna
505 2696 714 2758 Semnonum:
738 2710 863 2759 eentum
883 2699 972 2780 pagis
994 2698 1079 2761 habi-

136 2806 256 2870 tautur3
279 2816 453 2879 magnoque
474 2817 601 2880 corpore
627 2795 768 2873 efficitur,
791 2809 825 2859 ut
847 2819 881 2861 se
904 2798 1080 2862 Suevorum

136 2906 230 2978 caput
243 2895 377 2957 credant.
802 2937 805 2940 -

177 2990 245 3054 XL.
278 2994 392 3057 Contra
415 2995 634 3080 Langobardos
662 3000 802 3080 paucitas
824 3001 980 3064 nobilitat:
997 3004 1079 3083 plu·

136 3093 223 3155 rimis
258 3114 308 3155 ae
330 3094 549 3158 valentissimis
585 3100 759 3161 nationibus
795 3101 897 3176 cincti,
928 3122 988 3164 non
1023 3124 1080 3184 per

137 3193 331 3275 obsequium,
362 3196 416 3258 sed
452 3198 575 3277 proeliis
604 3210 635 3261 et
668 3200 867 3284 periclitando
902 3203 959 3265 tuti
995 3216 1079 3268 sunt.

136 3292 294 3376 Reudigni
323 3294 433 3359 deinde
464 3311 495 3360 et
523 3299 658 3362 Aviones
688 3313 719 3362 et
741 3300 835 3384 Angli
860 3314 891 3364 et
912 3301 1019 3366 Varini
1048 3317 1080 3368 et

137 3392 282 3457 Eudoses
304 3408 336 3460 et
358 3397 534 3461 Suardones
564 3412 595 3462 et
617 3400 791 3465 Nuithones
817 3403 995 3466 fluminibus
1024 3418 1080 3470 aut

137 3493 222 3556 silvis
245 3497 441 3559 muniuntur:
464 3499 704 3582 necquidquam
726 3503 858 3566 notabile
881 3505 913 3566 in
936 3505 1078 3588 singulis,

135 3595 194 3658 nisi
220 3595 303 3678 quod
338 3596 370 3659 in
406 3617 569 3661 commune
605 3600 769 3679 Nerthum,
799 3604 830 3666 id
862 3617 910 3667 est
945 3604 1079 3670 Terram

135 3686 264 3760 matrem
286 3697 399 3774 colunt,
423 3719 553 3782 eamque
577 3701 758 3766 intervenire
785 3706 880 3769 rebus
906 3705 1077 3785 huminum,

135 3794 238 3860 invehi
273 3798 396 3881 populis
431 3800 622 3865 arbitrantur.
647 3800 734 3865 :Est
761 3805 793 3867 iu
827 3806 931 3871 insule
957 3805 1078 3872 ommi
