2424 4388
490 455 531 496 DE
554 453 733 497 canutum.
1039 441 1082 500 36

137 603 270 684 ingons;
293 602 466 684 veterisque
489 601 589 663 famae
612 599 673 662 lata
694 602 823 683 vestigia
844 613 977 677 manant,
1000 613 1082 666 utra·

137 721 200 783 qua
214 702 281 780 ripa
295 714 394 763 castra
408 721 445 763 ac
460 701 567 783 spatia,
583 721 713 782 quorum
731 699 847 763 ambitu
862 723 943 764 nunc
957 723 1081 786 quoque

138 801 275 863 metiaris
289 801 403 863 molem
425 822 595 882 manusque
611 802 712 882 gentis
726 813 758 863 et
771 813 834 864 tam
856 802 960 884 magni
979 804 1080 866 exitus

139 899 244 962 fidem.
270 967 272 973 ,
300 899 567 962 sexcentesimum
602 913 632 961 et
660 899 930 983 quadragesimum
965 922 1079 966 annum

139 1000 215 1061 urbs
236 1011 340 1061 nostra
360 1000 480 1082 agebat,
503 1019 575 1061 cum
605 1002 736 1080 primum
760 1000 955 1063 Cimbrorum
976 1001 1081 1065 audita

140 1111 213 1161 sunt
234 1121 328 1174 arma,
346 1099 484 1162 Caecilio
500 1099 627 1161 Metello
648 1120 685 1160 ac
708 1098 830 1178 Papirio
847 1098 988 1162 Carbone
1008 1121 1080 1163 con·

140 1200 274 1262 solibus.
318 1198 369 1262 Ex
390 1220 452 1282 quo
474 1201 501 1261 si
523 1199 560 1260 ad
586 1198 714 1261 alterum
738 1198 933 1278 Imperatoris
955 1197 1079 1283 Trajani

140 1299 335 1362 consulatum
349 1311 574 1379 computemus,
590 1298 713 1360 ducenti
729 1297 825 1360 ferme
841 1310 872 1360 et
885 1297 995 1360 decem
1008 1300 1079 1363 anui

139 1399 346 1482 colliguntur;
369 1399 485 1462 tamdiu
510 1397 677 1460 Germania
698 1398 838 1460 vincitur.
883 1396 989 1460 Medio
1017 1410 1080 1462 tam

138 1497 223 1581 longi
238 1499 306 1562 aeri
329 1499 436 1582 spatio,
453 1497 549 1560 multa
564 1498 695 1560 invicem
710 1496 820 1558 damna
838 1517 844 1557 :
868 1518 929 1559 non
944 1495 1078 1572 Samnis,

139 1620 200 1661 non
223 1597 331 1672 Poeni,
354 1619 414 1660 non
436 1597 607 1681 Hispaniae
631 1595 800 1671 Galliaeve,
824 1617 862 1659 ne
884 1595 991 1659 Parthi
1012 1597 1079 1680 qui·

137 1699 210 1762 dem
225 1699 349 1779 saepius
371 1698 576 1761 admonuere:
600 1697 714 1781 quippe
733 1717 828 1780 regno
842 1698 968 1760 Arsacis
982 1698 1080 1761 acrior

138 1812 187 1862 est
216 1799 440 1862 Germanorum
468 1798 602 1860 libertas.
647 1796 733 1870 Quid
761 1799 844 1861 enim
871 1798 955 1861 aliud
979 1799 1081 1873 nobis,-

138 1921 233 1983 quam
261 1899 388 1962 caedem
413 1899 528 1971 Crassi,
552 1900 667 1961 amisso
695 1912 726 1961 et
753 1901 821 1984 ipso
850 1898 978 1975 Pacoro,
1002 1898 1079 1963 infra

139 2000 318 2063 Ventidium
340 1999 478 2083 dejectus
501 1998 612 2062 Oriens
641 1999 811 2083 objecerit?
855 2001 897 2065 At
920 1998 1077 2075 Germani,

138 2101 280 2164 Carbone
308 2113 340 2163 et
369 2100 482 2163 Cassio
517 2113 548 2161 et
585 2100 702 2162 Scauro
731 2100 858 2163 Aurelio
888 2112 920 2162 et
948 2099 1079 2163 Servilio

141 2202 309 2285 Caepione,
331 2201 391 2264 Cn.
413 2221 536 2283 quoque
553 2200 669 2263 Manlio
682 2201 762 2264 fusis
788 2200 838 2263 vel
859 2200 968 2280 captis,
990 2201 1079 2281 quin·

138 2324 200 2385 que
236 2302 329 2365 simul
365 2302 541 2364 consulares
578 2303 729 2364 exercitus
766 2299 889 2384 Populo
926 2298 1077 2374 Romano,

139 2399 267 2477 Varum,
297 2414 420 2484 tresque
456 2423 529 2464 curn
564 2423 602 2462 eo
637 2400 784 2483 legiones,
821 2402 913 2464 etiam
951 2399 1079 2464 Caesari

139 2502 346 2565 abstulerunt:
370 2523 429 2564 nec
454 2504 578 2582 impune
606 2501 645 2563 C.
670 2501 789 2563 Marius
811 2503 843 2563 in
869 2499 966 2574 Italia,
988 2498 1079 2562 divus

139 2601 243 2666 Julius
264 2604 295 2666 in
318 2601 430 2675 Gallia,
453 2601 576 2664 Drusus
602 2623 639 2664 ac
661 2600 747 2662 Nero
768 2613 800 2662 et
821 2599 1025 2662 Germanicus
1047 2599 1080 2661 in

139 2705 206 2767 suis
241 2724 297 2766 eos
326 2703 452 2766 sedibus
488 2703 693 2783 perculerunt.
751 2698 827 2763 Mox
862 2700 1002 2781 ingentes
1040 2698 1078 2763 C.

139 2803 281 2868 Caesaris
311 2805 410 2866 minae
441 2804 472 2867 in
500 2803 666 2866 ludibrium
696 2821 812 2863 versae.
866 2799 943 2862 Inde
972 2799 1078 2876 otium,

140 2904 237 2968 donec
259 2906 420 2967 occasione
435 2904 605 2967 discordiae
628 2914 748 2964 nostrae
770 2914 801 2964 et
822 2900 960 2964 civilium
980 2921 1078 2964 armo-

140 3026 218 3080 rum,
248 3007 430 3088 expugnatis
466 3004 623 3087 legionum
659 3003 803 3077 hibernis,
837 3003 930 3065 etiam
960 3000 1078 3065 Gallias

141 3105 337 3168 affectavere:
361 3125 398 3168 ac
412 3126 518 3167 rursus
534 3104 626 3185 pulsi,
642 3104 712 3167 inde
727 3104 874 3188 proximis
889 3104 1078 3185 temporibus

140 3205 314 3286 triumphati
332 3207 429 3288 magis
444 3226 538 3287 quarn
553 3206 623 3267 victi
640 3220 721 3267 sunt.

181 3302 355 3365 xxxvlla
378 3305 472 3368 Nunc
493 3305 531 3367 de
555 3304 668 3367 Suavis
689 3304 853 3368 dicendum
876 3314 933 3377 est,
949 3324 1078 3386 quorum

140 3428 201 3470 non
215 3428 286 3482 una,
302 3419 337 3469 ut
349 3406 509 3469 Cattorum
525 3405 797 3479 Tencterorumve,
813 3424 909 3487 gans:
932 3402 1080 3486 majorem

140 3508 222 3570 enirn
258 3505 442 3569 Germaniae
477 3519 595 3586 partem
630 3505 776 3580 obtinent,
812 3504 944 3588 propriis
979 3501 1080 3565 adhuc

139 3608 314 3671 nationibus
336 3607 572 3690 nominibusque
594 3605 729 3681 discreti,
751 3625 930 3688 quanquam
944 3603 975 3665 in
996 3622 1079 3663 cum-

137 3729 233 3773 mune
270 3707 366 3771 Suevi
402 3719 559 3771 vocentur.
621 3705 747 3790 Insigne
787 3704 888 3788 gentis
924 3701 1080 3783 obliquare

137 3809 257 3875 arnam
291 3807 434 3899 nodoque
469 3807 769 3891 substringenda
798 3803 895 3867 Suari
922 3801 1080 3867 acetaria
