2424 4388
493 416 533 458 os
557 417 737 465 assuatur.
1041 402 1083 459 28

142 551 192 615 rel
214 555 392 636 propinquis
414 555 482 637 ejus
510 554 685 617 exsolvitur.
729 552 896 636 Eliguntur
916 555 948 617 in
971 555 1080 618 iisdem

141 653 282 716 conciliis
312 667 342 716 et
356 655 533 736 principes,
559 655 613 735 qui
638 654 706 736 jura
729 671 783 732 per
814 675 911 736 pagos
933 655 1079 738 vicosque

140 753 283 816 reddunt.
339 753 469 816 Centeni
499 754 627 836 singulis
656 775 695 816 ex
722 754 812 834 plebe
841 755 978 831 comites,
1007 777 1079 818 con·

141 851 246 914 silium
261 853 353 917 simul
368 865 399 914 et
414 853 587 927 auctoritas,
602 852 725 914 adsunt.-

183 947 277 1013 XIII.
301 949 388 1013 Nihil
409 961 514 1013 autem
537 970 638 1033 neque
659 951 800 1031 publicae
822 971 923 1035 neque
944 953 1078 1033 privatae

139 1051 196 1125 rei,
218 1051 277 1113 nisi
306 1050 414 1122 armati
438 1063 542 1132 agunt.
587 1049 651 1113 Sed
672 1071 756 1113 arma
784 1072 905 1118 sumere
928 1074 987 1114 nou
1009 1066 1078 1116 ants

140 1151 288 1232 cuiquam
306 1151 412 1225 moris,
431 1171 524 1232 quam
546 1150 653 1213 civitas
676 1150 877 1220 suffecturum
897 1152 1077 1232 probaverit.

140 1248 228 1313 Tum
242 1251 274 1312 in
288 1251 355 1330 ipso
375 1251 515 1325 coneilio,
530 1250 580 1313 vel
600 1250 773 1330 principum
795 1251 905 1332 aliquis
919 1251 969 1314 vel
992 1261 1080 1332 pater

138 1349 192 1413 rel
227 1351 413 1432 propinquus
450 1362 538 1413 scuto
566 1348 741 1432 frameaque
774 1351 920 1433 juvenem
952 1365 1075 1414 ornant:

139 1448 218 1513 haec
245 1449 327 1530 apud
354 1450 422 1515 illos
451 1462 531 1533 toga,
561 1450 611 1512 hic
639 1451 756 1530 primus
787 1451 930 1533 juventae
959 1450 1075 1513 honos:

138 1562 208 1620 ante
244 1549 314 1619 hoc,
336 1549 448 1614 domus
483 1570 554 1633 pars
589 1549 739 1624 videntur,
774 1571 846 1612 mox
879 1551 1075 1631 reipublicae.

139 1648 274 1732 Insignis
289 1649 447 1724 nobilitas,
470 1663 524 1712 aut
544 1670 657 1732 magna
678 1662 799 1729 patrum
825 1652 942 1725 merita,
965 1652 1076 1730 princi·

138 1751 187 1830 pis
229 1749 437 1832 dignationem
479 1750 571 1811 etiam
616 1735 852 1812 adolescentulis
894 1752 1073 1834 assignant:

138 1850 250 1920 ceteris
278 1849 499 1920 robustioribus
528 1869 564 1911 ac
596 1849 779 1932 jampridem
806 1850 939 1930 probatis
968 1872 1075 1934 aggre-

138 1961 268 2032 gantur;
306 1969 365 2010 nec
400 1948 501 2024 rubor,
531 1949 609 2011 inter
636 1949 764 2011 comites
800 1951 907 2030 aspici.
952 1949 1075 2015 Gradus

138 2048 319 2130 quinetiam
334 2048 446 2127 etipse
468 2049 631 2110 comitatus
649 2046 741 2110 habet
758 2048 874 2130 judicio
889 2049 965 2132 ejus,
981 2071 1075 2131 quem

138 2159 311 2217 sectantur:
341 2168 514 2230 magnaque
536 2160 568 2210 et
595 2149 743 2211 comitum
765 2149 940 2224 aemulatio,
962 2151 1074 2231 quibus

137 2247 254 2326 primus
269 2246 351 2327 apud
372 2246 542 2326 principem
556 2266 648 2310 suum
670 2246 766 2318 locus,
781 2259 812 2309 et
825 2247 1007 2331 principum,
1024 2250 1075 2311 cui

137 2346 260 2426 plurimi
276 2357 306 2408 et
320 2347 460 2409 acerrimi
474 2347 613 2409 comites,
650 2345 740 2409 Haec
754 2346 895 2430 dignitas,
911 2347 969 2411 hae
983 2349 1074 2425 vires,

137 2467 251 2529 magno
263 2467 393 2526 ,semper
414 2446 581 2510 electorum
599 2446 749 2529 juvenum
770 2448 862 2530 globo
883 2448 1074 2524 circumdari,

138 2548 170 2611 in
191 2567 267 2627 pace
288 2546 395 2621 decus,
422 2548 453 2609 iu
477 2546 560 2609 bello
585 2546 782 2626 praesidium.
826 2546 896 2609 Nec
921 2547 1021 2611 solum
1044 2550 1076 2610 in

138 2667 196 2708 sua
216 2657 307 2726 gente
329 2647 451 2727 cuique,
468 2646 522 2708 sed
537 2644 619 2728 apud
633 2645 778 2708 finitimas
792 2665 915 2725 quoque
937 2645 1075 2707 civitates

137 2745 168 2808 id
184 2765 305 2820 nomen,
321 2765 359 2807 ea
372 2745 468 2827 gloria
482 2757 541 2820 est,
553 2746 579 2806 si
594 2764 722 2805 numero
737 2765 774 2805 ac
788 2744 898 2815 virtute
913 2745 1075 2807 comitatus

138 2845 290 2907 emineat:
314 2855 496 2924 expetuntur
517 2845 600 2906 enim
620 2843 824 2925 legationibus
846 2855 877 2904 et
897 2844 1075 2907 muneribus

138 2956 282 3007 ornantur
296 2956 327 3005 et
340 2944 407 3023 ipsa
421 2943 603 3025 plerumque
617 2941 699 3004 fama
713 2942 795 3004 bella
808 2943 979 3026 profligant.

180 3041 269 3104 XIV.
294 3041 377 3105 Cum
395 3055 522 3105 ventum
535 3043 567 3105 in
580 3044 690 3116 aciem,
705 3053 794 3122 turpe
815 3043 943 3124 principi
965 3045 1075 3107 virtute

137 3143 228 3216 vinci,
250 3155 339 3222 turpe
368 3142 535 3216 comitatui,
558 3144 701 3204 virtutem
729 3143 875 3225 principis
904 3164 965 3205 non
986 3144 1075 3206 adae·

137 3262 242 3325 quare,
286 3240 357 3303 Jam
386 3261 458 3303 vero
484 3240 596 3304 infame
626 3243 657 3303 in
686 3262 810 3303 omnem
834 3243 928 3305 vitam
950 3263 986 3304 ac
1007 3263 1075 3322 pro-

136 3343 272 3417 brosum,
296 3343 493 3424 superstitem
518 3341 648 3424 principi
670 3361 727 3402 suo
749 3361 788 3402 er
809 3342 875 3402 acie
896 3343 1075 3404 recessisse.

137 3440 230 3504 Illum
248 3440 422 3515 defendere,
437 3441 526 3514 tueri,
543 3460 600 3501 sua
621 3460 743 3521 quoque
758 3439 847 3502 fortia
861 3439 941 3502 facta
962 3440 1076 3523 gloriae

136 3540 204 3622 ejus
226 3541 393 3622 assignare,
415 3539 617 3622 praecipuum
639 3551 864 3602 sacramentum
886 3551 944 3601 est.
987 3538 1076 3602 Prin·

135 3640 222 3719 cipes
243 3659 298 3718 pro
312 3639 438 3702 victoria
458 3649 614 3720 pugnant;
637 3639 765 3700 comites
780 3659 835 3718 pro
848 3639 995 3718 principe.
1041 3634 1076 3698 Si

135 3739 254 3814 civitas,
269 3739 301 3800 in
324 3758 386 3820 qua
410 3739 467 3799 orti
492 3749 571 3812 sunt,
587 3736 678 3818 longa
702 3757 779 3816 pace
805 3748 836 3799 et
862 3737 923 3798 otio
948 3746 1075 3816 torpeat,
