2424 4388
490 448 661 491 scarcom.
1003 435 1046 496 4ο

98 593 265 677 aliquando
280 606 311 657 et
326 594 428 678 elegit.
475 595 594 659 Consul
616 597 759 680 egregiae
780 609 848 661 tum
870 599 935 680 spei
949 599 1044 666 filiam

106 697 215 780 juveni
230 696 303 759 mihi
320 697 482 777 despondit
503 720 540 760 ac
561 711 631 778 post
647 698 852 763 Consulatum
873 701 1042 779 collocarit,

98 811 130 860 et
146 799 248 860 statim
264 797 438 861 Britanniae
460 801 652 880 praepositus
675 813 731 876 est,
747 801 866 885 adjecto
886 805 1044 884 pontifica-

96 912 149 962 tus
165 899 346 962 sacerdotio.

142 999 185 1064 X.
209 1000 383 1063 Britanniae
400 1003 493 1064 situm
508 1002 709 1087 populosque,
726 1004 830 1067 multis
846 1007 1043 1087 scriptoribus

97 1116 295 1178 memoratos,
325 1124 386 1164 non
415 1104 446 1165 in
478 1106 736 1184 comparationem
771 1127 864 1168 curae
893 1107 1043 1190 ingeniive

100 1203 251 1279 referam3
277 1203 332 1265 sed
354 1205 427 1285 quia
448 1216 515 1266 tum
537 1206 671 1288 primum
693 1206 862 1286 perdomita
883 1220 939 1269 est.
984 1208 1043 1270 Ita-

100 1314 173 1386 que,
196 1326 275 1386 quae
297 1305 412 1384 priores
435 1304 571 1367 nondum
587 1319 756 1386 ¹comperta
782 1307 954 1389 eloquentia
976 1329 1045 1392 per-

99 1404 234 1478 coluere,
258 1425 359 1466 rerum
384 1404 442 1467 lide
465 1405 630 1468 tradentur.
675 1404 841 1481 Britannia,
864 1407 1043 1483 insularum,

98 1526 179 1587 quas
195 1503 336 1566 Romana
358 1506 463 1567 notitia
486 1507 709 1586 complectitur,
726 1508 868 1581 maxima,
886 1509 984 1591 spatio
1007 1528 1044 1570 ac

99 1605 188 1667 coelo
217 1606 249 1667 in
279 1605 426 1667 orientem
457 1604 650 1681 Germaniae,
683 1608 712 1668 in
747 1607 938 1670 occidentem
967 1607 1043 1671 His·

98 1708 208 1787 paniae
232 1706 422 1769 obtenditur:
448 1706 548 1769 Gallis
571 1709 601 1771 in
623 1708 784 1770 meridiem
806 1710 897 1771 etiam
920 1711 1041 1790 inspici-

99 1822 168 1870 tur:
200 1809 458 1888 septemtrionalia
481 1809 558 1891 ejus‚
582 1810 674 1872 nullis
704 1824 807 1872 contra
835 1812 932 1886 terris,
956 1824 1044 1874 vasto

99 1923 192 1992 atque
213 1923 318 1993 aperto
339 1911 415 1972 mari
437 1911 606 1990 pulsantur.
651 1910 795 1974 Formam
817 1913 908 1974 totius
925 1912 1043 1975 Britan·

99 2013 170 2073 niae
208 2009 317 2073 Livius
353 2025 501 2087 veterum,
534 2011 649 2074 Fabius
686 2012 837 2075 Rusticus
873 2015 1042 2076 recentium

99 2113 346 2196 eloquentissimi
369 2126 519 2188 auctores,
537 2114 684 2196 oblongae
701 2114 839 2176 scutulae
855 2115 904 2177 vel
919 2116 1043 2195 bipenni

99 2215 341 2277 assimulavere:
365 2227 395 2277 et
410 2226 457 2276 est
472 2236 509 2276 ea
523 2215 619 2277 facies
642 2217 717 2277 citra
736 2215 946 2290 Caledoniam,
962 2215 1043 2277 unde

100 2329 132 2378 et
147 2317 178 2378 in
192 2318 371 2378 universum
386 2316 468 2378 fama
484 2329 531 2378 est
545 2330 734 2400 transgressa
749 2339 755 2378 :
781 2316 835 2379 sed
857 2318 1044 2378 immensum

100 2430 132 2480 et
148 2438 271 2480 enorme
294 2418 427 2500 spatium
450 2420 693 2501 procurrentium
709 2431 845 2480 extremo
866 2417 928 2500 jam
944 2416 1042 2479 littore

99 2532 258 2593 terrarum,
289 2518 373 2580 velut
402 2520 432 2580 in
463 2541 596 2581 cuneum
632 2531 783 2582 tenuatur.
839 2518 931 2580 Hanc
960 2538 1044 2580 oram

100 2621 260 2682 novissimi
292 2621 383 2682 maris
411 2632 484 2682 tunc
516 2622 649 2700 primum
680 2619 821 2681 Romana
849 2619 958 2681 classis
987 2620 1044 2681 cir·

101 2733 263 2783 cumvecta
299 2721 431 2783 insulam
467 2742 537 2782 esse
575 2720 763 2783 Britanniam
799 2719 969 2792 affirmavit,
1007 2742 1044 2783 ac

102 2822 193 2884 simul
218 2822 386 2904 incognitas
406 2820 444 2882 ad
467 2821 497 2883 id
519 2835 641 2901 tempus
664 2820 789 2895 insulas,
806 2841 883 2902 quas
907 2818 1043 2883 Orcadas

100 2935 221 2997 vocant,
244 2923 359 2984 invenit
387 2922 577 3004 domuitque.
622 2921 771 3000 Dispecta
801 2933 848 2982 est
876 2933 906 2982 et
928 2920 1042 2998 Thule,

101 3045 195 3106 quam
218 3023 365 3085 hactenus
394 3024 447 3085 nix
476 3036 507 3085 et
534 3022 633 3085 hiems
663 3023 845 3102 appetebat;
876 3022 931 3085 sed
959 3045 1043 3086 mare

101 3127 222 3208 pigrum
253 3138 283 3187 et
310 3146 402 3207 graue
429 3125 667 3206 remigantibus3
691 3123 850 3203 perhibent
877 3145 916 3186 ne
945 3126 1043 3187 ventis

101 3226 227 3308 quidem
256 3225 380 3306 perinde
406 3224 519 3287 attolli:
551 3225 652 3300 credo,
679 3225 760 3307 quod
788 3227 917 3287 rariores
946 3239 1043 3288 terrae

101 3340 293 3409 montesque,
309 3348 404 3388 causa
419 3348 454 3389 ac
470 3328 595 3388 materia
609 3338 835 3406 tempestatum,
850 3337 881 3387 et
894 3325 1043 3408 profunda

102 3428 201 3490 moles
231 3429 367 3491 continui
396 3429 489 3489 maris
519 3427 633 3489 tardius
662 3427 836 3507 impellitur.
892 3426 1043 3489 Naturam

103 3513 222 3590 Oceani
238 3542 328 3611 atque
351 3542 455 3590 aestus
479 3549 577 3610 neque
593 3549 739 3610 quaerere
762 3512 853 3613 hujus
870 3529 969 3610 operis
985 3540 1041 3601 est,

103 3651 139 3692 ac
155 3630 243 3692 multi
265 3630 417 3705 retulere;
441 3651 538 3691 unum
560 3629 749 3692 addiderim:
777 3649 929 3709 nusquam
952 3626 1043 3688 latius

102 3730 251 3792 dominari
280 3750 374 3803 nrare,
404 3730 535 3791 multum
565 3729 726 3790 fluminum
755 3728 816 3789 huc
844 3739 934 3807 atque
970 3724 1044 3789 illuc

102 3828 192 3905 ferre,
215 3852 273 3893 nec
295 3830 394 3892 littore
417 3843 507 3971 tenu4s
533 3849 709 3891 accrescere
732 3839 785 3889 aut
805 3825 965 3900 resorberi,
988 3825 1044 3888 sed
