2424 4388
140 400 181 459 24
457 418 486 457 o.
512 417 608 461 cortu.
632 417 767 461 memor

135 559 272 641 plerique
307 556 455 619 nobilium
490 556 731 618 adolescentium
765 568 874 635 petunt
908 557 990 620 ultro
1021 579 1075 621 eas

135 659 280 736 nationes,
303 677 382 738 quae
408 669 473 718 tum
498 656 614 718 bellum
641 656 763 738 aliquod
788 668 919 738 gerunt3
943 659 1018 740 quia
1043 670 1074 721 et

135 759 252 839 ingrata
273 758 355 839 genti
376 758 474 838 quies,
498 769 528 817 et
548 754 670 818 facilius
693 756 770 817 inter
791 757 934 836 ancipitia
960 757 1073 819 clares·

136 869 215 929 cant,
244 876 464 938 magnumque·
488 856 666 917 comitatum
693 876 753 916 non
780 856 839 917 nisi
869 857 899 917 vi
928 856 1072 938 belloque

135 968 294 1018 tueantur:
318 957 444 1038 exigunt
461 956 542 1016 enim
565 956 709 1038 principis
725 957 773 1017 sui
787 955 968 1018 liberalitate
983 957 1071 1019 illum

135 1055 311 1117 bellatorem
355 1076 479 1136 equum,
523 1054 607 1116 illam
652 1066 809 1116 cruentam
850 1056 1071 1138 victricemque

135 1154 292 1216 frameam.
336 1153 418 1216 Nam
441 1155 548 1234 epulae
571 1166 610 1228 et,
626 1175 801 1235 quanquam
822 1155 978 1234 incompti,
995 1155 1071 1238 largi

133 1266 237 1317 tamen
251 1267 413 1338 apparatus
435 1276 489 1334 pro
504 1253 653 1334 stipendio
667 1253 799 1316 cedunt:
822 1254 949 1316 materia
970 1256 1071 1317 muni·

135 1356 274 1418 licentiae
296 1354 451 1435 perbelle
473 1366 503 1415 et
523 1365 637 1433 raptus.
682 1352 751 1415 Nec
773 1375 856 1416 arare
877 1366 999 1430 terram,
1019 1366 1071 1418 aut

135 1470 295 1536 expectare
316 1476 439 1529 annum,
456 1467 518 1516 tam
533 1453 623 1516 facile
638 1455 836 1537 persuaseris,
852 1475 946 1536 quam
959 1475 1070 1517 vocare

134 1556 239 1618 hostes
255 1568 285 1617 et
299 1555 425 1617 vulnera
445 1555 565 1617 mereri.
609 1553 738 1636 Pigrum
759 1555 928 1636 quinimmo
943 1567 974 1616 et
988 1555 1070 1616 iners

135 1656 263 1730 videtur,
304 1655 413 1716 sudore
453 1655 620 1737 acquirere,
661 1654 743 1736 quod
780 1655 881 1737 possis
920 1655 1070 1737 sauguine

157 1775 251 1816 arare.

135 1776 250 1917 pXV.
286 1853 438 1926 Quotiens
473 1855 554 1917 bella
595 1876 656 1916 non
691 1856 805 1929 ineunt,
841 1876 902 1916 nou
937 1853 1071 1918 multum

135 1955 304 2029 venatibus,
332 1954 401 2034 plus
429 1976 485 2037 per
513 1956 608 2017 otium
636 1955 815 2037 transigunt,
838 1953 932 2016 dediti
962 1975 1071 2016 somno

135 2054 275 2136 ciboque,
298 2053 480 2116 fortissimus
503 2055 633 2136 quisque
656 2075 691 2116 ac
714 2054 966 2117 bellicosissimus
995 2053 1072 2116 nihil

135 2176 239 2237 agene,
263 2154 402 2237 delegata
421 2154 531 2216 domus
554 2167 584 2216 et
605 2156 759 2235 penatium
782 2166 812 2216 et
834 2174 974 2236 agrorum
997 2174 1072 2215 cura

134 2255 257 2317 feminis
281 2255 466 2335 senibusque
483 2266 513 2315 et
528 2253 735 2316 infirmissimo
755 2254 866 2335 cuique
881 2274 920 2314 ex
933 2251 1068 2314 familia:

135 2355 195 2434 ipsi
223 2353 354 2427 hebent;
392 2355 467 2415 mira
495 2349 668 2414 diversitate
704 2365 838 2426 naturae,
868 2373 941 2413 cum
976 2350 1071 2413 iidem

136 2454 273 2516 homines
290 2454 334 2515 sic
349 2466 451 2514 ament
473 2454 611 2516 inertiam
626 2465 656 2514 et
671 2452 787 2514 oderint
808 2452 953 2536 quietem.
998 2449 1071 2512 Mos

136 2566 184 2637 est
198 2554 371 2616 civitatibus
394 2553 472 2614 ultro
487 2573 522 2613 ac
536 2553 648 2613 viritim
663 2551 799 2613 conferre
819 2549 1006 2632 principibus
1020 2549 1070 2611 vel

136 2667 340 2716 armentorum
361 2653 410 2715 vel
432 2653 565 2735 frugum,
582 2651 663 2732 quod
685 2672 738 2730 pro
761 2651 872 2712 honore
897 2662 1069 2728 acceptum,

136 2755 228 2816 etiam
255 2752 490 2815 necessitatibus
528 2751 679 2812 subvenit.
733 2748 889 2811 Gaudent.
906 2748 1070 2831 praecipue

136 2853 332 2914 finitimarum
354 2852 491 2932 gentium
505 2849 603 2923 donis,
620 2869 698 2930 quae
713 2869 773 2910 non
791 2847 881 2910 modo
897 2868 915 2908 a
929 2845 1070 2928 singulis,

138 2950 192 3012 sed
228 2949 350 3028 publice
386 2950 563 3009 mittuntur:
601 2949 691 3010 electi
720 2949 801 3029 equi,
830 2967 942 3028 magna
976 2966 1071 3020 arma,

137 3049 289 3132 phalerae,
319 3036 513 3129 torquesque.
567 3047 586 3108 J
590 3068 639 3110 am
667 3060 698 3109 et
733 3048 896 3130 pecuniam
932 3046 1072 3128 accipere

137 3149 310 3212 docuimus.

180 3246 269 3309 XVI.
293 3245 403 3311 Nullas
427 3243 650 3308 Germanorum
671 3245 793 3329 populis
815 3245 908 3309 urbes
933 3243 1072 3318 habitari,

139 3348 212 3408 satis
241 3359 347 3408 notum
375 3358 439 3407 est:
475 3367 513 3407 ne
542 3348 603 3426 pati
634 3345 758 3428 quidem
788 3346 865 3406 inter
893 3364 926 3404 se
952 3343 1075 3425 junctas

139 3445 239 3507 aedes.
285 3445 399 3507 Colunt
414 3446 536 3508 discreti
556 3467 592 3507 ac
607 3445 729 3516 diversi,
746 3457 779 3506 ut
793 3443 871 3517 fons,
886 3454 920 3504 ut
934 3463 1074 3525 campus,

138 3557 172 3607 ut
200 3566 309 3606 nemus
345 3544 468 3623 placuit.
522 3543 615 3605 Vicos
652 3544 761 3618 locant,
791 3565 851 3604 non
879 3544 909 3604 in
938 3555 1076 3604 nostrum

138 3666 265 3719 morem,
289 3645 433 3704 connexis
462 3656 493 3705 et
522 3642 754 3705 cohaerentibus
784 3642 951 3704 aedificiis:
987 3660 1077 3702 suam

138 3748 270 3828 quisque
284 3744 410 3806 domum
433 3744 530 3823 spatio
545 3741 721 3817 circumdat,
738 3744 802 3803 sive
818 3740 963 3803 adversus
985 3759 1079 3801 casus
1125 3756 1128 3763 ·
