<?xml version="1.0" encoding="UTF-8"?>
<!DOCTYPE html PUBLIC "-//W3C//DTD XHTML 1.0 Transitional//EN"
    "http://www.w3.org/TR/xhtml1/DTD/xhtml1-transitional.dtd">
<html xmlns="http://www.w3.org/1999/xhtml" xml:lang="en" lang="en">
 <head>
  <title>
</title>
<meta http-equiv="Content-Type" content="text/html;charset=utf-8" />
  <meta name='ocr-system' content='tesseract 3.04.00' />
  <meta name='ocr-capabilities' content='ocr_page ocr_carea ocr_par ocr_line ocrx_word'/>
</head>
<body>
  <div class='ocr_page' id='page_1' title='image "./germaniaandagri00tacigoog/germaniaandagri00tacigoog_0046.png"; bbox 0 0 2424 4388; ppageno 0'>
   <div class='ocr_carea' id='block_1_1' title="bbox 490 424 1079 484">
    <p class='ocr_par' dir='ltr' id='par_1_1' title="bbox 490 424 1079 484">
     <span class='ocr_line' id='line_1_1' title="bbox 490 424 1079 484; baseline 0.012 -7"><span class='ocrx_word' id='word_1_1' title='bbox 490 428 535 477; x_wconf 75' lang='lat' dir='ltr'><strong>ns‘</strong></span> <span class='ocrx_word' id='word_1_2' title='bbox 555 434 734 480; x_wconf 75' lang='lat' dir='ltr'><strong>cranium.</strong></span> <span class='ocrx_word' id='word_1_3' title='bbox 1037 424 1079 484; x_wconf 70' lang='lat'><strong>27</strong></span> 
     </span>
    </p>
   </div>
   <div class='ocr_carea' id='block_1_2' title="bbox 133 574 1153 3860">
    <p class='ocr_par' dir='ltr' id='par_1_2' title="bbox 135 574 1078 2464">
     <span class='ocr_line' id='line_1_2' title="bbox 141 574 1078 668; baseline 0.004 -22"><span class='ocrx_word' id='word_1_4' title='bbox 141 582 219 646; x_wconf 89' lang='lat' dir='ltr'><strong>haec</strong></span> <span class='ocrx_word' id='word_1_5' title='bbox 233 602 370 665; x_wconf 88' lang='lat' dir='ltr'><strong>corpora,</strong></span> <span class='ocrx_word' id='word_1_6' title='bbox 386 601 466 665; x_wconf 87' lang='lat' dir='ltr'><strong>quae</strong></span> <span class='ocrx_word' id='word_1_7' title='bbox 485 582 641 657; x_wconf 84' lang='lat' dir='ltr'><strong>miramur,</strong></span> <span class='ocrx_word' id='word_1_8' title='bbox 657 574 847 646; x_wconf 85' lang='lat' dir='ltr'><strong>excrescunt.</strong></span> <span class='ocrx_word' id='word_1_9' title='bbox 892 583 958 647; x_wconf 91' lang='lat' dir='ltr'><strong>Sua</strong></span> <span class='ocrx_word' id='word_1_10' title='bbox 971 607 1078 668; x_wconf 89' lang='lat' dir='ltr'><strong>quem·</strong></span> 
     </span>
     <span class='ocr_line' id='line_1_3' title="bbox 140 680 1077 765; baseline 0.004 -20"><span class='ocrx_word' id='word_1_11' title='bbox 140 704 202 765; x_wconf 93' lang='lat' dir='ltr'><strong>que</strong></span> <span class='ocrx_word' id='word_1_12' title='bbox 228 695 325 744; x_wconf 89' lang='lat' dir='ltr'><strong>mater</strong></span> <span class='ocrx_word' id='word_1_13' title='bbox 353 682 499 744; x_wconf 80' lang='lat' dir='ltr'>uberibus</span> <span class='ocrx_word' id='word_1_14' title='bbox 524 680 587 757; x_wconf 90' lang='lat' dir='ltr'><strong>alit,</strong></span> <span class='ocrx_word' id='word_1_15' title='bbox 609 703 668 744; x_wconf 91' lang='lat' dir='ltr'><strong>nec</strong></span> <span class='ocrx_word' id='word_1_16' title='bbox 696 680 814 745; x_wconf 83' lang='lat' dir='ltr'><strong>ancillis</strong></span> <span class='ocrx_word' id='word_1_17' title='bbox 843 704 880 745; x_wconf 89' lang='lat' dir='ltr'><strong>ac</strong></span> <span class='ocrx_word' id='word_1_18' title='bbox 908 687 1077 750; x_wconf 82' lang='lat' dir='ltr'><strong>nutricibus</strong></span> 
     </span>
     <span class='ocr_line' id='line_1_4' title="bbox 139 781 1077 865; baseline 0.004 -20"><span class='ocrx_word' id='word_1_19' title='bbox 139 783 330 865; x_wconf 83' lang='lat' dir='ltr'><strong>delegantur.</strong></span> <span class='ocrx_word' id='word_1_20' title='bbox 373 781 542 844; x_wconf 89' lang='lat' dir='ltr'><strong>Dominum</strong></span> <span class='ocrx_word' id='word_1_21' title='bbox 564 802 601 844; x_wconf 86' lang='lat' dir='ltr'><strong>ac</strong></span> <span class='ocrx_word' id='word_1_22' title='bbox 623 803 745 845; x_wconf 89' lang='lat' dir='ltr'><strong>servum</strong></span> <span class='ocrx_word' id='word_1_23' title='bbox 773 783 865 846; x_wconf 89' lang='lat' dir='ltr'><strong>nullis</strong></span> <span class='ocrx_word' id='word_1_24' title='bbox 888 785 1077 850; x_wconf 77' lang='lat' dir='ltr'><strong>educationis</strong></span> 
     </span>
     <span class='ocr_line' id='line_1_5' title="bbox 139 880 1076 964; baseline 0.005 -19"><span class='ocrx_word' id='word_1_25' title='bbox 139 882 260 946; x_wconf 90' lang='lat' dir='ltr'><strong>deliciis</strong></span> <span class='ocrx_word' id='word_1_26' title='bbox 287 880 474 964; x_wconf 85' lang='lat' dir='ltr'><strong>dignoscas:</strong></span> <span class='ocrx_word' id='word_1_27' title='bbox 511 883 589 944; x_wconf 89' lang='lat' dir='ltr'><strong>inter</strong></span> <span class='ocrx_word' id='word_1_28' title='bbox 622 881 730 944; x_wconf 87' lang='lat' dir='ltr'><strong>eadem</strong></span> <span class='ocrx_word' id='word_1_29' title='bbox 757 903 878 962; x_wconf 89' lang='lat' dir='ltr'><strong>pecora,</strong></span> <span class='ocrx_word' id='word_1_30' title='bbox 908 885 940 947; x_wconf 88' lang='lat' dir='ltr'><strong>iu</strong></span> <span class='ocrx_word' id='word_1_31' title='bbox 968 886 1076 951; x_wconf 90' lang='lat' dir='ltr'><strong>eadem</strong></span> 
     </span>
     <span class='ocr_line' id='line_1_6' title="bbox 139 983 1075 1067; baseline 0.003 -20"><span class='ocrx_word' id='word_1_32' title='bbox 139 984 235 1047; x_wconf 94' lang='lat' dir='ltr'><strong>humo</strong></span> <span class='ocrx_word' id='word_1_33' title='bbox 256 983 392 1066; x_wconf 81' lang='lat' dir='ltr'><strong>degunt3</strong></span> <span class='ocrx_word' id='word_1_34' title='bbox 422 983 519 1045; x_wconf 90' lang='lat' dir='ltr'><strong>donec</strong></span> <span class='ocrx_word' id='word_1_35' title='bbox 541 995 624 1045; x_wconf 89' lang='lat' dir='ltr'><strong>aetas</strong></span> <span class='ocrx_word' id='word_1_36' title='bbox 650 997 770 1064; x_wconf 89' lang='lat' dir='ltr'><strong>separet</strong></span> <span class='ocrx_word' id='word_1_37' title='bbox 798 985 957 1067; x_wconf 87' lang='lat' dir='ltr'><strong>ingenuos,</strong></span> <span class='ocrx_word' id='word_1_38' title='bbox 980 987 1075 1050; x_wconf 89' lang='lat' dir='ltr'><strong>virtus</strong></span> 
     </span>
     <span class='ocr_line' id='line_1_7' title="bbox 139 1081 1077 1167; baseline 0.003 -21"><span class='ocrx_word' id='word_1_39' title='bbox 139 1096 295 1167; x_wconf 83' lang='lat' dir='ltr'><strong>agnoscat.</strong></span> <span class='ocrx_word' id='word_1_40' title='bbox 340 1082 417 1145; x_wconf 86' lang='lat' dir='ltr'><strong>Sera</strong></span> <span class='ocrx_word' id='word_1_41' title='bbox 442 1082 590 1165; x_wconf 86' lang='lat' dir='ltr'><strong>juvenum</strong></span> <span class='ocrx_word' id='word_1_42' title='bbox 612 1081 740 1159; x_wconf 91' lang='lat' dir='ltr'><strong>Venus;</strong></span> <span class='ocrx_word' id='word_1_43' title='bbox 771 1104 869 1166; x_wconf 92' lang='lat' dir='ltr'><strong>eoque</strong></span> <span class='ocrx_word' id='word_1_44' title='bbox 897 1085 1077 1150; x_wconf 85' lang='lat' dir='ltr'><strong>inexhausta</strong></span> 
     </span>
     <span class='ocr_line' id='line_1_8' title="bbox 138 1181 1074 1267; baseline 0.002 -21"><span class='ocrx_word' id='word_1_45' title='bbox 138 1184 302 1264; x_wconf 86' lang='lat' dir='ltr'><strong>pubertas:</strong></span> <span class='ocrx_word' id='word_1_46' title='bbox 333 1203 391 1244; x_wconf 91' lang='lat' dir='ltr'><strong>nec</strong></span> <span class='ocrx_word' id='word_1_47' title='bbox 422 1183 556 1266; x_wconf 87' lang='lat' dir='ltr'><strong>virgines</strong></span> <span class='ocrx_word' id='word_1_48' title='bbox 577 1181 776 1258; x_wconf 85' lang='lat' dir='ltr'><strong>festinantur;</strong></span> <span class='ocrx_word' id='word_1_49' title='bbox 806 1183 914 1246; x_wconf 87' lang='lat' dir='ltr'><strong>eadem</strong></span> <span class='ocrx_word' id='word_1_50' title='bbox 939 1184 1074 1267; x_wconf 88' lang='lat' dir='ltr'><strong>juventa,</strong></span> 
     </span>
     <span class='ocr_line' id='line_1_9' title="bbox 140 1282 1074 1366; baseline 0.002 -20"><span class='ocrx_word' id='word_1_51' title='bbox 140 1284 249 1346; x_wconf 87' lang='lat' dir='ltr'><strong>similis</strong></span> <span class='ocrx_word' id='word_1_52' title='bbox 276 1284 462 1364; x_wconf 80' lang='lat' dir='ltr'><strong>proceritas:</strong></span> <span class='ocrx_word' id='word_1_53' title='bbox 491 1303 581 1366; x_wconf 89' lang='lat' dir='ltr'><strong>pares</strong></span> <span class='ocrx_word' id='word_1_54' title='bbox 610 1282 788 1364; x_wconf 82' lang='lat' dir='ltr'><strong>validaeque</strong></span> <span class='ocrx_word' id='word_1_55' title='bbox 822 1284 1009 1361; x_wconf 84' lang='lat' dir='ltr'><strong>miscentur3</strong></span> <span class='ocrx_word' id='word_1_56' title='bbox 1038 1306 1074 1348; x_wconf 85' lang='lat' dir='ltr'><strong>ac</strong></span> 
     </span>
     <span class='ocr_line' id='line_1_10' title="bbox 138 1381 1076 1464; baseline 0.003 -19"><span class='ocrx_word' id='word_1_57' title='bbox 138 1385 246 1446; x_wconf 90' lang='lat' dir='ltr'><strong>robora</strong></span> <span class='ocrx_word' id='word_1_58' title='bbox 267 1395 426 1464; x_wconf 88' lang='lat' dir='ltr'><strong>parentum</strong></span> <span class='ocrx_word' id='word_1_59' title='bbox 443 1383 530 1445; x_wconf 90' lang='lat' dir='ltr'><strong>liberi</strong></span> <span class='ocrx_word' id='word_1_60' title='bbox 552 1381 725 1462; x_wconf 58' lang='lat' dir='ltr'><strong>referuntt</strong></span> <span class='ocrx_word' id='word_1_61' title='bbox 741 1382 887 1445; x_wconf 87' lang='lat' dir='ltr'><strong>Sororum</strong></span> <span class='ocrx_word' id='word_1_62' title='bbox 901 1383 973 1447; x_wconf 88' lang='lat' dir='ltr'><strong>filiis</strong></span> <span class='ocrx_word' id='word_1_63' title='bbox 994 1383 1076 1448; x_wconf 91' lang='lat' dir='ltr'><strong>idem</strong></span> 
     </span>
     <span class='ocr_line' id='line_1_11' title="bbox 139 1481 1076 1566; baseline 0.002 -20"><span class='ocrx_word' id='word_1_64' title='bbox 139 1484 220 1564; x_wconf 92' lang='lat' dir='ltr'><strong>apud</strong></span> <span class='ocrx_word' id='word_1_65' title='bbox 246 1484 442 1558; x_wconf 85' lang='lat' dir='ltr'><strong>avunculum,</strong></span> <span class='ocrx_word' id='word_1_66' title='bbox 465 1485 518 1566; x_wconf 93' lang='lat' dir='ltr'><strong>qui</strong></span> <span class='ocrx_word' id='word_1_67' title='bbox 547 1481 628 1564; x_wconf 92' lang='lat' dir='ltr'><strong>apud</strong></span> <span class='ocrx_word' id='word_1_68' title='bbox 652 1495 770 1564; x_wconf 85' lang='lat' dir='ltr'><strong>patrem</strong></span> <span class='ocrx_word' id='word_1_69' title='bbox 792 1483 895 1546; x_wconf 88' lang='lat' dir='ltr'><strong>honor.</strong></span> <span class='ocrx_word' id='word_1_70' title='bbox 939 1483 1076 1557; x_wconf 82' lang='lat' dir='ltr'><strong>Quidam</strong></span> 
     </span>
     <span class='ocr_line' id='line_1_12' title="bbox 138 1583 1075 1668; baseline 0.002 -22"><span class='ocrx_word' id='word_1_71' title='bbox 138 1586 321 1647; x_wconf 85' lang='lat' dir='ltr'><strong>sanctiorem</strong></span> <span class='ocrx_word' id='word_1_72' title='bbox 342 1586 564 1666; x_wconf 86' lang='lat' dir='ltr'><strong>arctioremque</strong></span> <span class='ocrx_word' id='word_1_73' title='bbox 585 1583 667 1646; x_wconf 90' lang='lat' dir='ltr'><strong>hunc</strong></span> <span class='ocrx_word' id='word_1_74' title='bbox 688 1605 802 1646; x_wconf 86' lang='lat' dir='ltr'><strong>nexum</strong></span> <span class='ocrx_word' id='word_1_75' title='bbox 824 1585 982 1668; x_wconf 87' lang='lat' dir='ltr'><strong>sanguinis</strong></span> <span class='ocrx_word' id='word_1_76' title='bbox 997 1585 1075 1648; x_wconf 89' lang='lat' dir='ltr'><strong>arbi·</strong></span> 
     </span>
     <span class='ocr_line' id='line_1_13' title="bbox 137 1682 1073 1767; baseline 0.001 -20"><span class='ocrx_word' id='word_1_77' title='bbox 137 1696 262 1759; x_wconf 90' lang='lat' dir='ltr'><strong>trantur,</strong></span> <span class='ocrx_word' id='word_1_78' title='bbox 292 1695 323 1746; x_wconf 91' lang='lat' dir='ltr'><strong>et</strong></span> <span class='ocrx_word' id='word_1_79' title='bbox 344 1685 376 1747; x_wconf 92' lang='lat' dir='ltr'><strong>in</strong></span> <span class='ocrx_word' id='word_1_80' title='bbox 404 1683 589 1764; x_wconf 88' lang='lat' dir='ltr'><strong>accipiendis</strong></span> <span class='ocrx_word' id='word_1_81' title='bbox 619 1682 777 1746; x_wconf 89' lang='lat' dir='ltr'><strong>obsidibus</strong></span> <span class='ocrx_word' id='word_1_82' title='bbox 805 1685 904 1767; x_wconf 82' lang='lat' dir='ltr'><strong>magis</strong></span> <span class='ocrx_word' id='word_1_83' title='bbox 929 1685 1073 1767; x_wconf 79' lang='lat' dir='ltr'><strong>exigunt3</strong></span> 
     </span>
     <span class='ocr_line' id='line_1_14' title="bbox 137 1782 1074 1865; baseline 0.002 -20"><span class='ocrx_word' id='word_1_84' title='bbox 137 1796 283 1865; x_wconf 87' lang='lat' dir='ltr'><strong>tanquam</strong></span> <span class='ocrx_word' id='word_1_85' title='bbox 319 1796 350 1846; x_wconf 92' lang='lat' dir='ltr'><strong>et</strong></span> <span class='ocrx_word' id='word_1_86' title='bbox 377 1784 409 1845; x_wconf 90' lang='lat' dir='ltr'><strong>in</strong></span> <span class='ocrx_word' id='word_1_87' title='bbox 440 1783 578 1845; x_wconf 91' lang='lat' dir='ltr'><strong>animum</strong></span> <span class='ocrx_word' id='word_1_88' title='bbox 605 1782 733 1858; x_wconf 88' lang='lat' dir='ltr'><strong>firmius,</strong></span> <span class='ocrx_word' id='word_1_89' title='bbox 763 1794 794 1846; x_wconf 88' lang='lat' dir='ltr'><strong>et</strong></span> <span class='ocrx_word' id='word_1_90' title='bbox 821 1783 947 1846; x_wconf 90' lang='lat' dir='ltr'><strong>domum</strong></span> <span class='ocrx_word' id='word_1_91' title='bbox 982 1783 1074 1847; x_wconf 87' lang='lat' dir='ltr'><strong>latius</strong></span> 
     </span>
     <span class='ocr_line' id='line_1_15' title="bbox 136 1881 1073 1967; baseline 0 -21"><span class='ocrx_word' id='word_1_92' title='bbox 136 1895 269 1946; x_wconf 89' lang='lat' dir='ltr'><strong>teneant.</strong></span> <span class='ocrx_word' id='word_1_93' title='bbox 313 1881 456 1945; x_wconf 88' lang='lat' dir='ltr'><strong>Heredes</strong></span> <span class='ocrx_word' id='word_1_94' title='bbox 478 1895 581 1945; x_wconf 87' lang='lat' dir='ltr'><strong>tamen</strong></span> <span class='ocrx_word' id='word_1_95' title='bbox 609 1902 867 1965; x_wconf 87' lang='lat' dir='ltr'><strong>successoresque</strong></span> <span class='ocrx_word' id='word_1_96' title='bbox 890 1885 938 1946; x_wconf 93' lang='lat' dir='ltr'><strong>sui</strong></span> <span class='ocrx_word' id='word_1_97' title='bbox 961 1885 1073 1967; x_wconf 91' lang='lat' dir='ltr'><strong>cuique</strong></span> 
     </span>
     <span class='ocr_line' id='line_1_16' title="bbox 136 1983 1072 2061; baseline 0.002 -16"><span class='ocrx_word' id='word_1_98' title='bbox 136 1983 242 2046; x_wconf 91' lang='lat' dir='ltr'><strong>liberi:</strong></span> <span class='ocrx_word' id='word_1_99' title='bbox 273 1997 305 2045; x_wconf 93' lang='lat' dir='ltr'><strong>et</strong></span> <span class='ocrx_word' id='word_1_100' title='bbox 331 1983 449 2045; x_wconf 91' lang='lat' dir='ltr'><strong>nullum</strong></span> <span class='ocrx_word' id='word_1_101' title='bbox 471 1995 698 2046; x_wconf 84' lang='lat' dir='ltr'><strong>testamentum.</strong></span> <span class='ocrx_word' id='word_1_102' title='bbox 744 1983 778 2045; x_wconf 84' lang='lat' dir='ltr'><strong>Si</strong></span> <span class='ocrx_word' id='word_1_103' title='bbox 800 1983 887 2047; x_wconf 90' lang='lat' dir='ltr'><strong>liberi</strong></span> <span class='ocrx_word' id='word_1_104' title='bbox 910 2005 970 2046; x_wconf 89' lang='lat' dir='ltr'><strong>non</strong></span> <span class='ocrx_word' id='word_1_105' title='bbox 992 1997 1072 2061; x_wconf 91' lang='lat' dir='ltr'><strong>sunt,</strong></span> 
     </span>
     <span class='ocr_line' id='line_1_17' title="bbox 136 2081 1072 2166; baseline 0.001 -21"><span class='ocrx_word' id='word_1_106' title='bbox 136 2084 292 2165; x_wconf 83' lang='lat' dir='ltr'><strong>proximus</strong></span> <span class='ocrx_word' id='word_1_107' title='bbox 335 2082 447 2166; x_wconf 77' lang='lat' dir='ltr'><strong>gradus</strong></span> <span class='ocrx_word' id='word_1_108' title='bbox 489 2084 520 2145; x_wconf 94' lang='lat' dir='ltr'><strong>in</strong></span> <span class='ocrx_word' id='word_1_109' title='bbox 565 2084 761 2166; x_wconf 87' lang='lat' dir='ltr'><strong>possessione</strong></span> <span class='ocrx_word' id='word_1_110' title='bbox 803 2081 920 2158; x_wconf 86' lang='lat' dir='ltr'><strong>fratres,</strong></span> <span class='ocrx_word' id='word_1_111' title='bbox 962 2085 1072 2163; x_wconf 90' lang='lat' dir='ltr'><strong>patrui,</strong></span> 
     </span>
     <span class='ocr_line' id='line_1_18' title="bbox 136 2183 1074 2266; baseline 0 -20"><span class='ocrx_word' id='word_1_112' title='bbox 136 2184 290 2247; x_wconf 87' lang='lat' dir='ltr'><strong>avunculi.</strong></span> <span class='ocrx_word' id='word_1_113' title='bbox 334 2183 459 2256; x_wconf 83' lang='lat' dir='ltr'><strong>Quanto</strong></span> <span class='ocrx_word' id='word_1_114' title='bbox 494 2184 564 2264; x_wconf 91' lang='lat' dir='ltr'><strong>plus</strong></span> <span class='ocrx_word' id='word_1_115' title='bbox 599 2184 848 2265; x_wconf 90' lang='lat' dir='ltr'><strong>propinquorum,</strong></span> <span class='ocrx_word' id='word_1_116' title='bbox 882 2204 943 2265; x_wconf 92' lang='lat' dir='ltr'><strong>quo</strong></span> <span class='ocrx_word' id='word_1_117' title='bbox 978 2184 1074 2266; x_wconf 83' lang='lat' dir='ltr'><strong>major</strong></span> 
     </span>
     <span class='ocr_line' id='line_1_19' title="bbox 135 2282 1074 2366; baseline 0 -20"><span class='ocrx_word' id='word_1_118' title='bbox 135 2283 273 2347; x_wconf 91' lang='lat' dir='ltr'><strong>affinium</strong></span> <span class='ocrx_word' id='word_1_119' title='bbox 296 2305 453 2359; x_wconf 91' lang='lat' dir='ltr'><strong>numerus,</strong></span> <span class='ocrx_word' id='word_1_120' title='bbox 475 2295 559 2347; x_wconf 87' lang='lat' dir='ltr'><strong>tanto</strong></span> <span class='ocrx_word' id='word_1_121' title='bbox 581 2284 741 2366; x_wconf 85' lang='lat' dir='ltr'><strong>gratiosior</strong></span> <span class='ocrx_word' id='word_1_122' title='bbox 762 2295 914 2359; x_wconf 88' lang='lat' dir='ltr'><strong>senectus,</strong></span> <span class='ocrx_word' id='word_1_123' title='bbox 930 2303 988 2346; x_wconf 91' lang='lat' dir='ltr'><strong>nec</strong></span> <span class='ocrx_word' id='word_1_124' title='bbox 1011 2282 1074 2346; x_wconf 92' lang='lat' dir='ltr'><strong>ulla</strong></span> 
     </span>
     <span class='ocr_line' id='line_1_20' title="bbox 135 2384 399 2464; baseline 0 -18"><span class='ocrx_word' id='word_1_125' title='bbox 135 2384 272 2446; x_wconf 89' lang='lat' dir='ltr'><strong>orbitatis</strong></span> <span class='ocrx_word' id='word_1_126' title='bbox 292 2385 399 2464; x_wconf 90' lang='lat' dir='ltr'><strong>pretia.</strong></span> 
     </span>
    </p>

    <p class='ocr_par' dir='ltr' id='par_1_3' title="bbox 133 2480 1153 3860">
     <span class='ocr_line' id='line_1_21' title="bbox 178 2480 1073 2564; baseline -0.001 -18"><span class='ocrx_word' id='word_1_127' title='bbox 178 2480 270 2546; x_wconf 90' lang='lat' dir='ltr'>XXI.</span> <span class='ocrx_word' id='word_1_128' title='bbox 301 2483 466 2564; x_wconf 89' lang='lat' dir='ltr'><strong>Suscipere</strong></span> <span class='ocrx_word' id='word_1_129' title='bbox 495 2495 557 2546; x_wconf 90' lang='lat' dir='ltr'><strong>tam</strong></span> <span class='ocrx_word' id='word_1_130' title='bbox 585 2485 771 2560; x_wconf 84' lang='lat' dir='ltr'><strong>inimicitias,</strong></span> <span class='ocrx_word' id='word_1_131' title='bbox 799 2505 855 2547; x_wconf 92' lang='lat' dir='ltr'><strong>seu</strong></span> <span class='ocrx_word' id='word_1_132' title='bbox 882 2485 986 2564; x_wconf 90' lang='lat' dir='ltr'><strong>patris,</strong></span> <span class='ocrx_word' id='word_1_133' title='bbox 1016 2503 1073 2546; x_wconf 92' lang='lat' dir='ltr'><strong>seu</strong></span> 
     </span>
     <span class='ocr_line' id='line_1_22' title="bbox 134 2581 1072 2666; baseline -0.003 -20"><span class='ocrx_word' id='word_1_134' title='bbox 134 2585 305 2666; x_wconf 92' lang='lat' dir='ltr'><strong>propinqui,</strong></span> <span class='ocrx_word' id='word_1_135' title='bbox 321 2604 414 2666; x_wconf 92' lang='lat' dir='ltr'><strong>quam</strong></span> <span class='ocrx_word' id='word_1_136' title='bbox 436 2584 596 2658; x_wconf 84' lang='lat' dir='ltr'><strong>amicitias,</strong></span> <span class='ocrx_word' id='word_1_137' title='bbox 612 2604 741 2646; x_wconf 89' lang='lat' dir='ltr'><strong>necesse</strong></span> <span class='ocrx_word' id='word_1_138' title='bbox 757 2595 825 2645; x_wconf 88' lang='lat' dir='ltr'><strong>est:</strong></span> <span class='ocrx_word' id='word_1_139' title='bbox 849 2603 907 2644; x_wconf 90' lang='lat' dir='ltr'><strong>nec</strong></span> <span class='ocrx_word' id='word_1_140' title='bbox 928 2581 1072 2662; x_wconf 89' lang='lat' dir='ltr'><strong>implaca-</strong></span> 
     </span>
     <span class='ocr_line' id='line_1_23' title="bbox 136 2681 1073 2746; baseline 0 -2"><span class='ocrx_word' id='word_1_141' title='bbox 136 2683 214 2746; x_wconf 91' lang='lat' dir='ltr'><strong>biles</strong></span> <span class='ocrx_word' id='word_1_142' title='bbox 235 2683 355 2746; x_wconf 89' lang='lat' dir='ltr'><strong>durant.</strong></span> <span class='ocrx_word' id='word_1_143' title='bbox 400 2682 511 2746; x_wconf 92' lang='lat' dir='ltr'><strong>Luitur</strong></span> <span class='ocrx_word' id='word_1_144' title='bbox 539 2685 622 2745; x_wconf 89' lang='lat' dir='ltr'><strong>enim</strong></span> <span class='ocrx_word' id='word_1_145' title='bbox 650 2683 743 2744; x_wconf 90' lang='lat' dir='ltr'><strong>etiam</strong></span> <span class='ocrx_word' id='word_1_146' title='bbox 768 2681 968 2744; x_wconf 90' lang='lat' dir='ltr'><strong>homicidium</strong></span> <span class='ocrx_word' id='word_1_147' title='bbox 989 2695 1073 2744; x_wconf 92' lang='lat' dir='ltr'><strong>certo</strong></span> 
     </span>
     <span class='ocr_line' id='line_1_24' title="bbox 135 2781 1072 2863; baseline -0.001 -19"><span class='ocrx_word' id='word_1_148' title='bbox 135 2795 341 2845; x_wconf 86' lang='lat' dir='ltr'><strong>armentorum</strong></span> <span class='ocrx_word' id='word_1_149' title='bbox 369 2804 406 2845; x_wconf 89' lang='lat' dir='ltr'><strong>ac</strong></span> <span class='ocrx_word' id='word_1_150' title='bbox 434 2803 580 2863; x_wconf 88' lang='lat' dir='ltr'><strong>pecorum</strong></span> <span class='ocrx_word' id='word_1_151' title='bbox 616 2802 753 2858; x_wconf 91' lang='lat' dir='ltr'><strong>numero,</strong></span> <span class='ocrx_word' id='word_1_152' title='bbox 783 2782 951 2863; x_wconf 85' lang='lat' dir='ltr'><strong>recipitque</strong></span> <span class='ocrx_word' id='word_1_153' title='bbox 985 2781 1072 2843; x_wconf 90' lang='lat' dir='ltr'><strong>satis·</strong></span> 
     </span>
     <span class='ocr_line' id='line_1_25' title="bbox 135 2880 1070 2960; baseline 0.001 -18"><span class='ocrx_word' id='word_1_154' title='bbox 135 2881 298 2944; x_wconf 82' lang='lat' dir='ltr'><strong>factionem</strong></span> <span class='ocrx_word' id='word_1_155' title='bbox 334 2883 477 2944; x_wconf 87' lang='lat' dir='ltr'><strong>universa</strong></span> <span class='ocrx_word' id='word_1_156' title='bbox 506 2881 637 2944; x_wconf 90' lang='lat' dir='ltr'><strong>domus:</strong></span> <span class='ocrx_word' id='word_1_157' title='bbox 674 2882 789 2944; x_wconf 87' lang='lat' dir='ltr'><strong>utiliter</strong></span> <span class='ocrx_word' id='word_1_158' title='bbox 824 2881 856 2943; x_wconf 91' lang='lat' dir='ltr'><strong>in</strong></span> <span class='ocrx_word' id='word_1_159' title='bbox 889 2880 1070 2960; x_wconf 89' lang='lat' dir='ltr'><strong>publicum;</strong></span> 
     </span>
     <span class='ocr_line' id='line_1_26' title="bbox 133 2981 1071 3064; baseline -0.001 -21"><span class='ocrx_word' id='word_1_160' title='bbox 133 2982 211 3064; x_wconf 43' lang='lat' dir='ltr'><strong>quia*</strong></span> <span class='ocrx_word' id='word_1_161' title='bbox 228 2982 462 3061; x_wconf 87' lang='lat' dir='ltr'><strong>periculosiores</strong></span> <span class='ocrx_word' id='word_1_162' title='bbox 484 2994 556 3044; x_wconf 90' lang='lat' dir='ltr'><strong>sunt</strong></span> <span class='ocrx_word' id='word_1_163' title='bbox 582 2982 758 3044; x_wconf 88' lang='lat' dir='ltr'><strong>inimicitiae</strong></span> <span class='ocrx_word' id='word_1_164' title='bbox 784 2981 870 3064; x_wconf 85' lang='lat' dir='ltr'><strong>juxta</strong></span> <span class='ocrx_word' id='word_1_165' title='bbox 890 2981 1071 3044; x_wconf 85' lang='lat' dir='ltr'><strong>libertatem.</strong></span> 
     </span>
     <span class='ocr_line' id='line_1_27' title="bbox 137 3079 1072 3164; baseline -0.001 -21"><span class='ocrx_word' id='word_1_166' title='bbox 137 3079 338 3143; x_wconf 82' lang='lat' dir='ltr'><strong>Convictibus</strong></span> <span class='ocrx_word' id='word_1_167' title='bbox 361 3094 392 3143; x_wconf 91' lang='lat' dir='ltr'><strong>et</strong></span> <span class='ocrx_word' id='word_1_168' title='bbox 413 3081 554 3164; x_wconf 91' lang='lat' dir='ltr'><strong>hospitiis</strong></span> <span class='ocrx_word' id='word_1_169' title='bbox 575 3103 636 3144; x_wconf 91' lang='lat' dir='ltr'><strong>non</strong></span> <span class='ocrx_word' id='word_1_170' title='bbox 650 3081 709 3144; x_wconf 87' lang='lat' dir='ltr'><strong>alia</strong></span> <span class='ocrx_word' id='word_1_171' title='bbox 722 3102 799 3164; x_wconf 85' lang='lat' dir='ltr'><strong>gens</strong></span> <span class='ocrx_word' id='word_1_172' title='bbox 822 3080 951 3144; x_wconf 86' lang='lat' dir='ltr'><strong>effusius</strong></span> <span class='ocrx_word' id='word_1_173' title='bbox 973 3080 1072 3142; x_wconf 91' lang='lat' dir='ltr'><strong>indul-</strong></span> 
     </span>
     <span class='ocr_line' id='line_1_28' title="bbox 134 3174 1072 3264; baseline -0.001 -22"><span class='ocrx_word' id='word_1_174' title='bbox 134 3192 196 3264; x_wconf 85' lang='lat' dir='ltr'><strong>get.</strong></span> <span class='ocrx_word' id='word_1_175' title='bbox 251 3179 479 3263; x_wconf 82' lang='lat' dir='ltr'><strong>Quemcunque</strong></span> <span class='ocrx_word' id='word_1_176' title='bbox 511 3174 688 3244; x_wconf 37' lang='lat' dir='ltr'><strong>⁸mortalium</strong></span> <span class='ocrx_word' id='word_1_177' title='bbox 723 3201 826 3243; x_wconf 89' lang='lat' dir='ltr'><strong>arcere</strong></span> <span class='ocrx_word' id='word_1_178' title='bbox 862 3193 953 3255; x_wconf 89' lang='lat' dir='ltr'><strong>tecto,</strong></span> <span class='ocrx_word' id='word_1_179' title='bbox 986 3179 1072 3242; x_wconf 83' lang='lat' dir='ltr'><strong>nefas</strong></span> 
     </span>
     <span class='ocr_line' id='line_1_29' title="bbox 134 3279 1153 3364; baseline -0.003 -22"><span class='ocrx_word' id='word_1_180' title='bbox 134 3279 282 3342; x_wconf 88' lang='lat' dir='ltr'><strong>habetur:</strong></span> <span class='ocrx_word' id='word_1_181' title='bbox 305 3300 360 3359; x_wconf 91' lang='lat' dir='ltr'><strong>pro</strong></span> <span class='ocrx_word' id='word_1_182' title='bbox 374 3280 495 3342; x_wconf 85' lang='lat' dir='ltr'><strong>fortuna</strong></span> <span class='ocrx_word' id='word_1_183' title='bbox 508 3281 639 3364; x_wconf 89' lang='lat' dir='ltr'><strong>quisque</strong></span> <span class='ocrx_word' id='word_1_184' title='bbox 661 3281 812 3360; x_wconf 87' lang='lat' dir='ltr'><strong>apparatis</strong></span> <span class='ocrx_word' id='word_1_185' title='bbox 827 3279 927 3362; x_wconf 89' lang='lat' dir='ltr'><strong>epulis</strong></span> <span class='ocrx_word' id='word_1_186' title='bbox 950 3279 1072 3358; x_wconf 70' lang='lat' dir='ltr'><strong>excipit,</strong></span> <span class='ocrx_word' id='word_1_187' title='bbox 1146 3281 1153 3294; x_wconf 84' lang='lat'><strong>‘</strong></span> 
     </span>
     <span class='ocr_line' id='line_1_30' title="bbox 136 3378 1074 3461; baseline -0.002 -19"><span class='ocrx_word' id='word_1_188' title='bbox 136 3378 220 3442; x_wconf 86' lang='lat' dir='ltr'><strong>Cum</strong></span> <span class='ocrx_word' id='word_1_189' title='bbox 246 3378 398 3455; x_wconf 82' lang='lat' dir='ltr'><strong>defecere,</strong></span> <span class='ocrx_word' id='word_1_190' title='bbox 421 3381 474 3461; x_wconf 94' lang='lat' dir='ltr'><strong>qui</strong></span> <span class='ocrx_word' id='word_1_191' title='bbox 502 3379 594 3442; x_wconf 91' lang='lat' dir='ltr'><strong>modo</strong></span> <span class='ocrx_word' id='word_1_192' title='bbox 622 3379 735 3459; x_wconf 87' lang='lat' dir='ltr'><strong>hospes</strong></span> <span class='ocrx_word' id='word_1_193' title='bbox 762 3379 870 3454; x_wconf 81' lang='lat' dir='ltr'><strong>fuerat,</strong></span> <span class='ocrx_word' id='word_1_194' title='bbox 893 3390 1074 3441; x_wconf 87' lang='lat' dir='ltr'><strong>monstrator</strong></span> 
     </span>
     <span class='ocr_line' id='line_1_31' title="bbox 133 3477 1073 3562; baseline -0.002 -22"><span class='ocrx_word' id='word_1_195' title='bbox 133 3477 258 3562; x_wconf 90' lang='lat' dir='ltr'><strong>hospitii</strong></span> <span class='ocrx_word' id='word_1_196' title='bbox 287 3491 318 3540; x_wconf 89' lang='lat' dir='ltr'><strong>et</strong></span> <span class='ocrx_word' id='word_1_197' title='bbox 346 3498 476 3540; x_wconf 90' lang='lat' dir='ltr'><strong>comes:</strong></span> <span class='ocrx_word' id='word_1_198' title='bbox 512 3480 679 3559; x_wconf 88' lang='lat' dir='ltr'><strong>proximam</strong></span> <span class='ocrx_word' id='word_1_199' title='bbox 708 3478 834 3541; x_wconf 91' lang='lat' dir='ltr'><strong>domum</strong></span> <span class='ocrx_word' id='word_1_200' title='bbox 863 3499 923 3541; x_wconf 91' lang='lat' dir='ltr'><strong>non</strong></span> <span class='ocrx_word' id='word_1_201' title='bbox 957 3478 1073 3539; x_wconf 88' lang='lat' dir='ltr'><strong>invitati</strong></span> 
     </span>
     <span class='ocr_line' id='line_1_32' title="bbox 133 3578 1072 3659; baseline -0.004 -19"><span class='ocrx_word' id='word_1_202' title='bbox 133 3579 266 3641; x_wconf 85' lang='lat' dir='ltr'><strong>adeunt:</strong></span> <span class='ocrx_word' id='word_1_203' title='bbox 299 3599 358 3641; x_wconf 91' lang='lat' dir='ltr'><strong>nec</strong></span> <span class='ocrx_word' id='word_1_204' title='bbox 386 3580 533 3655; x_wconf 89' lang='lat' dir='ltr'><strong>interest;</strong></span> <span class='ocrx_word' id='word_1_205' title='bbox 564 3580 629 3659; x_wconf 88' lang='lat' dir='ltr'><strong>pari</strong></span> <span class='ocrx_word' id='word_1_206' title='bbox 656 3579 843 3647; x_wconf 85' lang='lat' dir='ltr'><strong>humanitate</strong></span> <span class='ocrx_word' id='word_1_207' title='bbox 872 3578 1072 3656; x_wconf 91' lang='lat' dir='ltr'><strong>accipiuntur.</strong></span> 
     </span>
     <span class='ocr_line' id='line_1_33' title="bbox 134 3676 1071 3762; baseline -0.005 -22"><span class='ocrx_word' id='word_1_208' title='bbox 134 3676 254 3741; x_wconf 92' lang='lat' dir='ltr'><strong>Notum</strong></span> <span class='ocrx_word' id='word_1_209' title='bbox 275 3680 486 3761; x_wconf 84' lang='lat' dir='ltr'><strong>ignotumque,</strong></span> <span class='ocrx_word' id='word_1_210' title='bbox 508 3691 657 3761; x_wconf 88' lang='lat' dir='ltr'><strong>quantum</strong></span> <span class='ocrx_word' id='word_1_211' title='bbox 678 3677 717 3741; x_wconf 89' lang='lat' dir='ltr'><strong>ad</strong></span> <span class='ocrx_word' id='word_1_212' title='bbox 741 3679 794 3762; x_wconf 88' lang='lat' dir='ltr'><strong>jus</strong></span> <span class='ocrx_word' id='word_1_213' title='bbox 818 3676 957 3755; x_wconf 89' lang='lat' dir='ltr'><strong>hospitis,</strong></span> <span class='ocrx_word' id='word_1_214' title='bbox 980 3693 1071 3736; x_wconf 88' lang='lat' dir='ltr'><strong>nemo</strong></span> 
     </span>
     <span class='ocr_line' id='line_1_34' title="bbox 133 3771 1073 3860; baseline -0.004 -20"><span class='ocrx_word' id='word_1_215' title='bbox 133 3776 289 3842; x_wconf 88' lang='lat' dir='ltr'><strong>discernit.</strong></span> <span class='ocrx_word' id='word_1_216' title='bbox 348 3779 491 3855; x_wconf 87' lang='lat' dir='ltr'><strong>Abeunti,</strong></span> <span class='ocrx_word' id='word_1_217' title='bbox 521 3780 547 3842; x_wconf 90' lang='lat' dir='ltr'><strong>si</strong></span> <span class='ocrx_word' id='word_1_218' title='bbox 577 3778 652 3860; x_wconf 93' lang='lat' dir='ltr'><strong>quid</strong></span> <span class='ocrx_word' id='word_1_219' title='bbox 686 3776 868 3860; x_wconf 90' lang='lat' dir='ltr'><strong>poposcerit,</strong></span> <span class='ocrx_word' id='word_1_220' title='bbox 905 3771 1073 3836; x_wconf 89' lang='lat' dir='ltr'><strong>concedere</strong></span> 
     </span>
    </p>
   </div>
   <div class='ocr_carea' id='block_1_3' title="bbox 0 0 1216 4388">
    <p class='ocr_par' dir='ltr' id='par_1_4' title="bbox 0 0 1216 4388">
     <span class='ocr_line' id='line_1_35' title="bbox 0 0 1216 4388; baseline 0 1"><span class='ocrx_word' id='word_1_221' title='bbox 0 0 1216 4388; x_wconf 95' lang='lat' dir='ltr'><strong> </strong></span> 
     </span>
    </p>
   </div>
  </div>
 </body>
</html>
