2424 4388
484 466 525 510 ua
549 465 728 510 ernustus.
1034 450 1077 510 39

133 614 232 698 Rugii
246 627 249 634 '
263 626 294 677 et
317 612 479 677 Lemovii:
509 615 709 697 omniumque
737 612 846 677 harum
871 615 1010 698 gentium
1031 615 1077 677 in·

133 718 233 800 signe,
263 716 393 780 rotunda
421 728 518 791 scuta,
547 716 656 778 breves
690 714 794 799 gladii,
823 727 856 778 et
883 736 956 800 erga
988 735 1078 799 reges

134 818 330 900 obsequium.

177 914 286 978 XLIV.
318 918 470 981 Suionum
506 917 577 981 hino
605 918 754 994 civitates,
784 918 852 998 ipso
880 919 911 980 in
940 918 1076 993 Oceano,

135 1032 257 1104 praeter
270 1020 351 1082 viros
367 1039 512 1101 armaque
527 1019 679 1081 classibus
695 1019 817 1081 valent:
842 1018 939 1081 forma
952 1021 1077 1083 nerium

136 1141 175 1183 eo
195 1119 308 1194 differt,
329 1118 411 1202 quod
433 1120 587 1202 utrimque
608 1140 696 1200 prora
723 1131 859 1200 paratam
883 1140 1005 1200 semper
1026 1142 1078 1201 sp·

135 1219 241 1300 pulsui
263 1219 394 1282 frontem
416 1220 497 1302 agit:
520 1240 579 1281 nec
600 1218 677 1281 velis
699 1219 879 1294 ministrant,
898 1240 956 1281 nec
977 1241 1079 1282 remos

136 1322 170 1383 in
191 1320 327 1383 ordinem
348 1321 495 1383 lateribus
517 1319 696 1404 adjungunt.
742 1318 895 1395 Solutum,
910 1331 946 1382 ut
967 1320 998 1382 in
1012 1321 1080 1403 qui·

136 1421 268 1484 busdam
282 1421 455 1496 fluminum,
472 1433 503 1483 et
518 1420 673 1496 mutabile,
689 1431 724 1483 ut
744 1441 794 1483 res
820 1422 929 1501 poscit,
946 1420 1017 1483 hinc
1031 1421 1081 1484 vel

139 1523 222 1586 illino
250 1522 425 1605 remigium.
469 1521 529 1584 Est
556 1521 638 1602 apud
666 1521 735 1584 illos
764 1532 795 1583 et
823 1522 932 1602 opibus
961 1521 1079 1598 honos;

137 1644 238 1706 eoque
261 1644 342 1684 unus
367 1622 528 1702 imperitat,
551 1620 643 1684 nullis
666 1621 734 1706 jam
756 1622 997 1702 exceptionibus,
1020 1643 1081 1685 non

136 1724 275 1804 precario
300 1723 367 1806 jure
389 1723 525 1806 parendi.
568 1721 639 1785 Nec
667 1744 760 1798 arms,
790 1736 825 1786 ut
852 1723 932 1804 apud
962 1736 1080 1787 ceteros

139 1824 321 1899 Germanos,
337 1826 369 1887 in
393 1825 578 1908 promiscuo,
603 1823 658 1886 sed
684 1825 789 1887 clausa
813 1826 870 1888 sub
896 1825 1024 1889 custode
1050 1837 1082 1888 et

138 1926 264 2008 quidem
280 1946 387 1988 servo:
410 1927 483 2008 quia
497 1926 615 1988 subitos
635 1924 769 1989 hostium
784 1927 926 1990 incursus
941 1927 1082 2011 prohibet

139 2024 295 2102 Oceanus,
323 2027 420 2088 otiosa
448 2047 537 2107 porro
564 2038 749 2089 armatorum
777 2048 886 2090 manus
908 2026 998 2090 facile
1021 2027 1081 2089 las·

139 2129 277 2192 eiviunt:
301 2129 457 2190 enimvero
484 2148 585 2210 neque
608 2127 742 2191 nobilem
771 2148 872 2210 neque
902 2129 1080 2211 ingenuum,

139 2247 180 2290 ne
197 2227 373 2290 libertinum
387 2227 522 2310 quidem,
539 2229 632 2289 armis
654 2248 839 2308 praeponere
861 2228 945 2309 regis
966 2227 1082 2290 utilitas

140 2339 199 2392 est.
618 2340 621 2347 '

183 2425 277 2490 XLV.
300 2427 403 2492 Trans
426 2430 558 2493 Suionas
581 2429 665 2492 aliud
685 2451 779 2504 mare,
795 2431 917 2514 pigrum
932 2451 968 2492 ac
988 2449 1082 2510 prope

142 2532 313 2604 immotum,
340 2551 402 2612 quo
427 2531 507 2614 cingi
534 2529 678 2613 eludique
706 2542 854 2593 terrarum
883 2529 989 2592 orbem
1012 2528 1083 2591 hinc

142 2631 230 2706 fides,
261 2631 343 2714 quod
373 2629 529 2693 extremus
558 2630 695 2694 cudentis
728 2630 792 2713 jam
822 2629 895 2691 solis
923 2628 1024 2711 fulgor
1052 2629 1082 2691 in

143 2743 226 2795 ortus
252 2731 359 2794 edurat
380 2731 457 2794 adeo
487 2731 597 2806 clerus,
620 2743 655 2794 ut
680 2731 780 2794 sidera
801 2729 944 2806 hebetet;
973 2749 1084 2792 sonum

141 2833 268 2913 insuper
295 2831 402 2906 audiri,
432 2831 606 2914 formasque
636 2832 764 2893 deorum
793 2843 824 2892 et
851 2829 953 2892 radios
975 2830 1083 2909 capitis

142 2933 239 3014 aspici
264 2933 423 3013 persuasio
448 2932 560 3016 adjicit.
604 2931 684 2994 Illuc
706 2951 815 3014 usque,
843 2943 875 2994 et
898 2930 980 2994 fama
1001 2951 1082 3006 vers,

142 3045 260 3098 tantum
274 3047 391 3097 nature.
432 3032 521 3117 ‘Ergo
536 3033 601 3117 jam
615 3033 720 3096 dextro
737 3033 862 3097 Sueviei
876 3035 969 3096 maris
984 3034 1083 3096 littore

143 3135 328 3215 Aestyorum
350 3147 459 3218 gentes
475 3134 650 3197 alluuntur:
673 3135 787 3218 quibus
801 3136 877 3198 ritus
899 3133 1083 3216 habitusque

145 3234 343 3312 Suevorum;
386 3235 493 3318 lingue
530 3233 724 3298 Britannicae
763 3236 893 3316 propior.
952 3233 1083 3296 Matrem

144 3336 238 3399 deum
278 3348 484 3398 venerentur:
531 3337 651 3419 insigne
694 3336 927 3419 superstitionis,
971 3333 1084 3396 formas

143 3457 285 3518 aprorum
322 3448 464 3520 gestent3
501 3435 532 3499 id
567 3455 622 3516 pro
658 3437 750 3499 armis
787 3436 930 3518 omnique
966 3434 1082 3497 tutele:

143 3556 289 3600 securum
311 3536 387 3599 deae
416 3536 566 3600 cultorem
594 3537 687 3600 etiam
708 3538 787 3601 inter
807 3536 911 3598 hostes
940 3544 1084 3619 praestet.

144 3637 248 3702 Rarus
283 3637 365 3713 ferri,
389 3636 550 3721 ·frequens
592 3636 722 3702 fustium
765 3657 853 3700 usus.
919 3633 1085 3696 meenta

142 3750 324 3822 oeterosque
352 3737 471 3801 fruetus
490 3739 673 3819 patientius,
696 3759 790 3821 quarn
817 3757 873 3821 pro
895 3734 984 3798 solita
1006 3732 1085 3796 Gor-

142 3856 305 3904 munorum
326 3838 443 3914 inertia,
465 3837 615 3902 laborant.
657 3836 722 3901 Sed
743 3848 775 3899 et
794 3854 879 3899 msre
901 3843 1084 3909 scrutantur,
