2424 4388
135 420 177 481 38
445 439 475 480 c.
499 437 594 480 corn.
618 436 753 480 ruamus

135 595 276 648 externos
302 584 466 664 patiuntur.
510 584 573 646 Sed
598 585 645 646 vis
675 596 706 646 et
726 585 861 664 potentia
887 584 1015 670 regibus
1035 606 1076 649 ex

135 686 313 749 auctoritate
349 685 513 749 Romana:
550 706 617 747 raro
652 686 744 747 armis
787 687 909 760 nostris,
949 687 1075 771 saepius

135 786 266 867 pecunia
277 786 429 869 juvantur,
446 807 504 849 nec
518 787 620 848 minus
635 786 747 848 valent.

177 881 288 948 XLIII.
311 886 407 949 Retro
434 886 591 968 Marsigni,
616 885 753 962 Gothini,
777 887 845 962 Osi,
868 886 966 960 Burii,
990 902 1076 972 terga

137 987 424 1052 Marcomannorum
446 985 687 1070 Quadorumque
716 987 883 1050 claudunt:
914 1008 933 1050 e
961 990 1076 1071 quibus

137 1088 285 1172 Marsigni
310 1101 341 1150 et
356 1087 443 1150 Burii
465 1107 605 1149 sermone
627 1087 772 1170 cultuque
788 1087 910 1151 Suevos
929 1089 1074 1152 referunt.

138 1189 289 1252 Gothinos
305 1187 434 1261 Gallica,
451 1186 533 1250 Osos
548 1185 724 1250 Pannonica
742 1188 848 1270 lingua
861 1190 1002 1274 coarguit
1015 1211 1075 1252 non

136 1310 207 1354 esse
230 1289 412 1364 Germanos,
435 1301 467 1350 et
493 1287 576 1370 quod
601 1287 713 1350 tributa
740 1290 905 1368 patiuntur.
950 1289 1076 1353 Partem

135 1393 315 1456 tributorum
340 1389 507 1463 Sarmatae,
537 1400 654 1468 partem
676 1388 789 1464 Quadi,
821 1402 856 1452 ut
883 1389 1074 1472 alienigenis,

136 1495 305 1573 imponunt.
352 1489 488 1564 Gotlrini,
518 1510 579 1571 quo
613 1490 712 1572 magis
748 1491 872 1571 pudeat,
901 1505 933 1553 et
960 1491 1075 1555 ferrum

136 1593 292 1656 effodiunt.
338 1590 517 1672 Omnesque
540 1590 571 1652 hi
592 1590 697 1670 populi
726 1612 825 1670 pauca
846 1594 1075 1672 campestrium,

136 1706 272 1756 ceterum
295 1692 390 1754 saltus
413 1703 443 1753 et
464 1692 593 1753 vertices
619 1692 768 1753 montium
794 1690 966 1775 jugumque
995 1694 1077 1756 inse·

134 1792 253 1855 derunt.
297 1790 420 1853 Dirimit
442 1792 524 1852 enirn
540 1790 711 1872 scinditque
727 1789 881 1854 Suevia'm
896 1794 1076 1856 continuum

136 1893 286 1956 montium
307 1891 428 1974 jugum,
451 1891 529 1954 ultra
551 1891 633 1974 quod
653 1891 802 1971 plurimae
828 1905 936 1975 gentes
958 1881 1075 1976 agunt:

134 1993 308 2075 exquibus
330 1992 477 2054 latissime
499 2004 582 2072 patet
597 1991 766 2074 Lygiorum
787 2014 898 2055 nornen
919 1994 949 2057 in
972 1995 1077 2074 plures

136 2094 275 2157 civitates
289 2092 448 2156 diffusum.
492 2091 727 2155 Valentissimas
742 2095 917 2156 nominasse
932 2095 1076 2171 sufficiat,

137 2195 237 2270 Arios,
267 2192 474 2267 Helveconas,
506 2192 670 2267 Manimos,
708 2192 844 2272 Elysios,
874 2192 1077 2260 Naharvalos.

136 2295 230 2379 Apud
244 2293 434 2357 Naharvalos
457 2295 598 2375 antiquae
620 2293 776 2377 religionis
790 2295 882 2357 lucus
898 2297 1076 2360 ostenditur.

137 2395 295 2460 Praesidet
317 2393 459 2458 sacerdos
481 2393 623 2456 muliebri
646 2408 770 2458 ornatu:
800 2396 855 2457 sed
876 2396 961 2471 deos,
985 2399 1077 2461 inter-

136 2497 305 2580 pretatione
335 2495 485 2568 Romana,
518 2492 678 2556 Castorem
709 2493 931 2578 Pollucemque
960 2518 1077 2561 memo-

136 2613 221 2662 rant:
246 2619 283 2661 ea
299 2598 344 2660 vis
364 2596 502 2672 numini3
526 2616 637 2658 nomen
652 2595 749 2658 Alcis.
793 2596 888 2659 Nulla
903 2598 1076 2675 simulacra,

136 2701 255 2765 nullum
283 2700 461 2782 peregrinae
491 2698 714 2781 superstitionis
743 2699 930 2781 vestigium:
960 2711 995 2762 ut
1018 2700 1078 2763 fre·

136 2814 198 2864 tres
227 2813 339 2875 tamen,
367 2812 403 2861 ut
427 2799 566 2882 juvenes,
596 2811 786 2861 venerantur.
833 2799 981 2862 Ceterum
1010 2803 1077 2865 Arii

137 2922 232 2985 super
258 2901 349 2972 viros,
373 2887 490 2980 'quibus
520 2909 713 2959 enumeratos
748 2899 840 2978 paulo
875 2912 945 2962 ante
980 2922 1077 2983 popu·

138 2998 184 3059 los
209 2993 401 3068 antecedunt,
431 3006 543 3066 truces,
569 2995 678 3056 insitae
704 2994 814 3057 feritati
843 3009 906 3058 arte
935 3018 972 3059 ac
1000 3009 1077 3061 tem·

137 3117 210 3179 pore
246 3094 464 3157 lenocinantur.
528 3093 626 3177 Nigra
661 3109 757 3170 scuta,
795 3098 889 3159 tincta
924 3119 1075 3182 corpora:

137 3210 218 3260 atras
246 3195 285 3258 ad
312 3195 426 3276 proelia
454 3209 560 3258 noctes
595 3196 722 3280 legunt:
760 3199 887 3282 ipsaque
917 3200 1077 3265 formidine

137 3312 228 3380 atque
250 3297 359 3360 umbra
373 3297 476 3360 feralis
499 3299 650 3360 exercitus
673 3311 818 3363 terrorem
833 3299 975 3374 inferunt,
992 3303 1077 3366 nullo

137 3398 271 3461 hostium
300 3399 466 3461 sustinente
494 3420 608 3460 novum
630 3420 666 3461 ac
688 3399 773 3462 velut
794 3401 947 3464 infernum
968 3425 1075 3485 aspec-

136 3512 222 3563 tum:
246 3519 318 3562 nam
339 3500 428 3580 primi
450 3500 481 3561 in
504 3500 646 3561 omnibus
660 3501 784 3583 proeliis
807 3502 888 3564 oculi
903 3504 1076 3568 vincuntur.

137 3600 238 3665 Trans
269 3598 385 3684 Lygios
408 3597 545 3661 Gotones
570 3613 743 3683 regnantur,
759 3604 858 3683 paulo
876 3604 940 3688 jorn
962 3604 1076 3668 adduc·

136 3702 208 3779 tius,
237 3722 330 3787 quam
366 3712 489 3764 ceterae
525 3698 749 3765 Germanorum
785 3717 903 3787 gentes,
940 3705 1077 3771 nondum

135 3811 245 3873 nmen,
260 3823 353 3885 supra
372 3801 554 3873 libertatem.
598 3798 744 3877 Protinus
763 3802 873 3867 deindo
895 3804 934 3870 ab
949 3803 1077 3879 Oceano
