2424 4388
131 386 177 447 46
458 400 488 441 c.
512 398 608 441 coar.
631 397 741 440 ricrrr

134 548 264 622 electus,
280 566 373 629 quem
395 545 593 608 contubernio
614 546 799 606 aestimaret.
843 543 914 606 Nec
932 545 1077 628 Agricola

133 647 260 710 licenter
281 667 365 708 more
388 647 546 729 juvenum,
562 646 614 726 qui
636 646 775 706 militiam
790 645 821 706 in
836 644 996 707 lasciviam
1011 665 1076 707 ver·

133 759 211 821 tunt,
241 767 341 828 neque
378 746 512 828 segniter
546 744 584 806 ad
612 745 783 824 voluptates
820 757 851 807 et
884 759 1076 808 commeatus

134 847 257 912 titulum
285 847 456 909 tribunatus
485 858 516 907 ct
544 846 695 907 inscitiam
724 845 845 907 retulit:
869 845 926 907 sed
948 866 1075 908 noscero

134 947 331 1028 provinciam,
360 946 446 1008 nosci
475 947 633 1018 exercitui,
663 945 782 1007 discere
805 966 824 1006 a
847 947 964 1025 peritia,
988 948 1074 1028 sequi

135 1046 276 1130 optimos,
292 1045 367 1107 nihil
381 1057 524 1125 appetere
548 1045 721 1126 jactatione,
737 1043 811 1106 nihil
827 1044 866 1106 ob
881 1043 1074 1108 formidinem

108 1167 287 1220 recusare,
317 1146 469 1227 simulque
496 1146 607 1207 anxius
636 1157 667 1205 et
695 1145 829 1206 intentus
857 1165 960 1227 agere.
1003 1145 1075 1208 Non

135 1267 207 1308 sane
226 1246 302 1309 alias
325 1245 514 1307 exercitatior
535 1245 695 1327 magisque
712 1245 744 1305 in
760 1244 904 1326 ambiguo
919 1243 1076 1308 Britannia

133 1346 210 1409 fuit:
234 1346 374 1408 trucidati
396 1345 540 1419 veterani,
564 1345 708 1406 incensae
737 1345 884 1417 coloniae,
915 1345 1074 1429 intercepti

134 1448 306 1522 exercitus;
330 1459 396 1508 turn
418 1445 457 1507 de
480 1445 588 1518 salute,
604 1466 676 1507 mox
696 1444 735 1506 de
756 1446 892 1518 victoria,
909 1458 1074 1509 certavere.

135 1547 225 1620 Quae
242 1543 363 1619 cuncta,
380 1547 437 1607 etsi
460 1545 595 1607 consiliis
617 1541 774 1627 ductuque
796 1545 921 1606 alterius
943 1545 1076 1628 ageban-

134 1662 183 1708 tur
204 1668 240 1708 ac
264 1667 384 1708 summa
406 1666 509 1708 rerum
531 1659 562 1708 et
583 1646 769 1725 reciperatae
791 1645 965 1725 provinciae
980 1646 1076 1729 gloria

134 1745 291 1808 inducam
313 1746 417 1819 cessit,
433 1757 529 1807 artem
552 1759 583 1806 et
604 1767 697 1807 usum
719 1758 750 1807 et
769 1745 912 1807 stimulos
930 1745 1074 1809 addidere

139 1847 264 1930 jureni;
292 1846 472 1927 intravitque
497 1848 634 1908 animum
663 1845 801 1908 militaris
827 1845 941 1928 gloriae
964 1847 1075 1928 cupido

135 1949 251 2029 ingrata
278 1947 476 2026 temporibus,
506 1947 618 2028 quibus
655 1947 777 2008 sinistra
804 1967 877 2028 erga
906 1948 1074 2011 eminentes

135 2048 349 2127 interpretatio,
376 2068 434 2108 nec
462 2048 563 2109 minus
593 2046 765 2129 periculum
790 2068 828 2109 ex
849 2068 961 2130 magna
982 2046 1073 2123 fama,

134 2170 228 2231 quam
243 2169 281 2211 ex
296 2148 386 2211 mala.

178 2247 234 2311 Vl.
264 2249 348 2311 Hinc
377 2247 415 2309 ad
445 2247 650 2328 capessendos
683 2249 878 2331 magistratus
907 2249 938 2311 in
966 2249 1074 2312 urbem

135 2349 302 2432 digressus,
319 2347 488 2409 Domitiam
509 2346 722 2422 Decidianam,
739 2347 906 2428 splendidis
921 2349 1074 2412 natalibus

135 2465 241 2524 ortam,
273 2449 330 2511 sibi
363 2449 486 2531 junxit;
518 2447 609 2529 idque
638 2449 865 2512 matrimonium
893 2449 932 2512 ad
960 2450 1075 2533 majora

134 2552 240 2613 nitenti
262 2550 358 2612 decus
387 2570 423 2610 ac
445 2549 537 2611 robur
560 2547 639 2624 iuit;
669 2550 868 2631 vixeruntque
898 2551 975 2612 mira
1003 2573 1075 2613 con·

134 2652 246 2725 cordia,
277 2673 331 2732 per
358 2664 498 2713 mutuam
523 2651 680 2713 caritatem
709 2661 740 2712 ct
768 2651 898 2713 invicem
928 2673 962 2712 se
991 2666 1074 2715 ante·

135 2753 293 2832 ponendo:
317 2752 376 2813 nisi
399 2749 479 2832 quod
503 2752 534 2811 in
557 2750 635 2811 bona
658 2771 750 2811 uxore
773 2763 856 2813 tanto
878 2751 973 2834 major
994 2752 1073 2825 laus,

135 2863 249 2932 quanto
277 2853 307 2912 in
336 2849 416 2912 mala
449 2849 519 2932 plus
548 2849 657 2930 culpae
687 2862 743 2912 est.
789 2849 863 2912 Sors
892 2865 1074 2933 quaesturae

135 2951 322 3030 provinciam
351 2951 468 3024 Asiam,
498 2949 711 3032 proconsulem
748 2949 886 3013 Salvium
915 2950 1073 3014 Titianum

136 3050 238 3112 dedit:
262 3071 392 3130 quorum
420 3062 527 3112 neutro
555 3063 716 3132 corruptus
745 3063 811 3124 est;
841 3073 1016 3134 quanquam
1044 3065 1075 3114 et

135 3151 290 3230 provincia
304 3150 390 3212 dives
413 3171 449 3212 ac
470 3162 574 3232 parata
596 3150 806 3234 peccantibus,
821 3165 852 3214 et
865 3152 1030 3235 proconsul
1044 3154 1075 3215 in

136 3271 258 3313 omnem
287 3249 459 3312 aviditatem
488 3271 611 3331 pronus,
641 3252 827 3332 quantalibet
855 3252 999 3314 facilitate
1027 3274 1075 3315 re-

136 3350 315 3430 dempturus
331 3362 413 3412 esset
428 3364 567 3412 mutuam
582 3350 857 3414 dissimulationem
871 3352 954 3415 mali.
992 3353 1075 3416 Auc-

136 3463 186 3514 tus
202 3461 249 3512 est
264 3451 306 3512 ibi
321 3449 392 3523 filia,
409 3451 440 3512 in
462 3449 633 3512 subsidium
656 3463 687 3512 et
709 3451 851 3515 solatium
867 3453 980 3515 simul:
1004 3475 1076 3516 nam

136 3551 233 3613 filium
250 3562 319 3612 ante
343 3549 497 3610 sublatum
520 3549 603 3611 brevi
625 3552 737 3613 amisit.
782 3551 858 3613 Mox
876 3553 952 3616 inter
966 3574 1076 3635 quaes-

136 3664 236 3714 turam
258 3672 295 3713 ac
323 3649 509 3712 tribunatum
537 3648 636 3728 plebis
659 3663 750 3731 atque
776 3652 871 3715 etium
900 3653 1003 3736 ipsum
1024 3655 1076 3716 tri-

136 3750 268 3815 bunatus
297 3770 410 3813 annum
440 3750 541 3830 quiete
571 3763 600 3811 et
630 3751 691 3811 otio
719 3751 846 3828 transiit,
875 3773 989 3840 gnarus
1017 3754 1076 3816 sub
