2424 4388
137 367 180 429 64
460 384 489 424 c.
514 381 609 424 coar.
632 380 741 423 racrrr

137 530 241 605 moris,
256 540 348 593 cantu
363 540 394 592 et
407 527 529 591 fremitu
544 526 789 608 clamoribusque
804 525 947 589 dissonis.
987 525 1075 590 Jam-

137 651 198 714 que
240 630 372 712 agmina,
417 640 448 692 at
489 648 641 690 armorum
682 626 818 710 fulgores
861 626 1074 690 audentissimi

138 729 288 811 cujusque
316 749 482 809 procursu:
513 726 605 790 simul
627 727 851 790 instruebantur
871 728 977 789 acies:
1001 749 1074 791 cum

139 829 292 910 Agricola,
308 850 483 911 quanquam
503 828 618 891 laetum
632 840 663 890 et
677 828 728 889 vix
747 828 944 890 munimentis
959 829 1074 890 coerci-

139 943 203 994 tum
240 929 367 992 militem
404 929 588 1004 adhortatus,
621 930 663 991 ita
699 929 865 991 disseruit:
903 928 1074 991 “Octavus

138 1051 235 1093 annus
258 1042 314 1105 est,
337 1029 571 1105 commilitones,
594 1050 632 1091 ex
653 1051 714 1111 quo
736 1029 846 1091 virtute
869 1040 900 1091 et
928 1030 1075 1109 auspiciis

138 1132 255 1212 imperii
284 1130 416 1192 Romani
440 1130 498 1192 lide
522 1143 613 1212 atqua
643 1150 736 1212 opera
760 1142 861 1190 vestra
884 1128 1073 1192 Britanniam

140 1233 272 1296 vicistis:
296 1244 339 1295 tot
353 1231 606 1311 expeditionibus,
622 1243 666 1292 tot
679 1229 813 1310 proeliis,
827 1251 884 1292 seu
898 1229 1073 1293 fortitudine

138 1332 283 1394 adversus
299 1331 402 1395 hostes
418 1351 473 1393 seu
489 1332 633 1413 patientia
650 1340 690 1392 ac
700 1330 802 1392 labore
817 1351 914 1409 paene
929 1330 1076 1392 adversus

138 1433 236 1512 ipsam
264 1453 365 1495 rerum
393 1443 531 1492 naturam
561 1452 639 1514 opus
660 1430 727 1504 fuit,
751 1451 850 1512 neque
873 1449 923 1492 me
945 1430 1078 1494 militum

138 1552 237 1615 neque
251 1554 306 1595 vos
321 1532 409 1594 ducis
423 1532 581 1611 poenituit.
623 1530 707 1613 Ergo
723 1532 849 1613 egressi,
866 1552 924 1613 ego
940 1544 1077 1593 veterum

138 1630 316 1714 legatorum,
344 1627 398 1693 vo's
424 1632 558 1715 priorum
589 1634 778 1693 exercituum
804 1633 959 1705 terminos,
984 1632 1088 1695 finem·

140 1729 314 1794 Britanniae
336 1754 395 1794 non
410 1732 492 1794 fama
514 1753 571 1794 nec
592 1754 723 1807 rumore,
739 1733 794 1794 sed
816 1734 923 1794 castris
939 1745 970 1794 et
984 1735 1077 1795 armis

140 1845 290 1894 tenemus.
336 1831 461 1894 Inventa
496 1831 652 1896 Britannia
680 1847 711 1895 et
739 1834 875 1895 subacta.
920 1832 1076 1915 Equidem

140 1951 231 2010 saepe
269 1931 300 1993 in
335 1933 466 2013 agmine,
496 1955 567 1995 cum
596 1954 651 1995 vos
687 1934 815 2017 paludes
850 1946 1009 1995 montesve
1045 1946 1076 1996 et
1125 1955 1129 1961 ·

139 2031 268 2093 fiumina
296 2030 466 2114 fatigarent,
489 2033 646 2095 fortissimi
677 2034 826 2117 cujusque
851 2055 945 2095 voces
974 2034 1078 2096 audie·

141 2129 221 2206 bam,
239 2130 370 2204 Quando
384 2133 504 2195 dabitur
526 2132 633 2207 hostis,
647 2135 767 2215 quando
782 2135 865 2196 acies
878 2133 888 2196 'l
932 2132 1077 2208 Veniunt,

140 2253 158 2294 e
180 2231 303 2296 latebris
332 2234 398 2295 suis
427 2234 563 2295 extrusi:
588 2248 618 2296 et
639 2247 709 2297 vota
729 2236 887 2317 virtusque
909 2235 941 2297 in
963 2248 1077 2314 aperto,

141 2335 303 2416 omniaque
349 2354 442 2413 prona
484 2335 660 2409 victoribus,
704 2347 795 2417 atque
838 2334 946 2397 eadem
988 2334 1078 2397 victis

141 2432 277 2495 adversa.
322 2432 414 2507 Nam,
437 2445 471 2495 ut
494 2454 655 2513 superasse
685 2447 801 2505 tanturn
830 2435 956 2509 itineris,
984 2435 1078 2502 silvas

141 2534 285 2609 evasisse,
315 2533 460 2595 transisse
489 2535 641 2596 aestuaria
668 2533 831 2619 pulchrum
863 2555 900 2596 ac
931 2533 1078 2596 decorum

141 2634 171 2694 in
205 2632 358 2709 frontem;
397 2635 437 2696 ita
468 2632 656 2716 fugientibus
692 2635 961 2715 periculosissima,
999 2655 1078 2716 quae

142 2733 231 2797 hodie
253 2735 440 2814 prosperima
463 2747 542 2795 sunt.
587 2733 698 2816 Neque
722 2736 803 2807 enim
826 2735 914 2795 nobis
929 2747 982 2796 aut
996 2734 1078 2796 loco·

141 2855 210 2896 rum
225 2834 332 2897 eadem
348 2836 452 2897 notitia
474 2848 526 2897 aut
541 2840 770 2897 commeatuum
793 2833 899 2896 eadem
922 2834 1079 2896 abundan-

141 2934 204 2995 tia:
229 2933 281 2994 sed
309 2954 418 2996 manus
441 2948 471 2997 ct
493 2956 576 2996 arma
598 2948 628 2996 et
650 2936 680 2997 in
702 2935 749 2996 his
776 2936 887 2996 omnia.
932 2933 1024 3007 Quod
1040 2934 1080 2996 ad

142 3053 192 3095 me
222 3033 337 3106 attinet,
363 3033 426 3114 jam
455 3034 570 3113 pridem
600 3034 675 3096 mihi
704 3034 861 3097 decretum
889 3048 946 3109 est,
976 3055 1079 3116 neque

143 3133 293 3194 exercitus
322 3152 422 3214 neque
444 3133 532 3196 ducis
561 3147 645 3216 terga
675 3146 739 3197 tuta
767 3156 846 3196 esse.
891 3134 1023 3197 Proinde
1050 3147 1081 3198 et

143 3232 269 3294 honesta
297 3253 378 3294 mors
408 3235 487 3314 turpi
515 3236 577 3297 vita
605 3236 724 3318 potior3
762 3249 792 3298 et
821 3215 1014 3298 incolumitas
1044 3256 1080 3298 ac

142 3333 238 3395 decus
261 3333 370 3395 eodem
392 3333 459 3396 loco
482 3336 652 3399 sitasunt:
678 3358 735 3398 nec
756 3337 918 3418 inglorium
932 3336 1034 3411 fucrit,
1050 3337 1083 3400 in

143 3434 209 3512 ipso
225 3444 369 3495 terrarum
386 3456 422 3496 ac
438 3448 561 3497 naturae
575 3437 636 3526 fine
651 3436 831 3499 cecidisse.''

184 3527 327 3593 XXXIV.
352 3534 416 3595 “Si
432 3556 527 3596 novae
550 3549 657 3618 gentes
679 3550 769 3619 atque
787 3539 889 3620 ignota
910 3537 993 3598 acies
1009 3557 1082 3599 con·

145 3634 281 3709 stitisset,
306 3634 433 3696 aliorum
457 3637 646 3699 exercituum
674 3639 822 3718 exemplis
844 3659 899 3700 vos
928 3638 1062 3701 hortarer
1073 3658 1085 3698 :-

144 3753 224 3796 nunc
247 3748 348 3798 restra
362 3734 473 3799 decora
497 3748 665 3812 recensete,
681 3738 931 3801 vestros‘nculos
957 3739 1083 3801 interro·
