2424 4388
134 410 175 468 68
466 423 496 463 c.
521 420 617 463 coss.
641 417 751 460 rscrrr

134 573 310 651 insumpta:
334 591 380 645 ac,
393 569 418 632 si
435 569 531 631 virtus
547 567 737 629 exercituum
753 576 784 627 et
799 563 932 626 Romani
946 565 1080 626 nominis

133 673 230 757 gloria
254 683 419 752 pateretur,
433 671 575 732 inventus
597 670 629 730 in
651 668 718 747 ipsa
734 665 891 727 Britannia
917 666 1077 726 terminus.

134 773 217 836 Nam
243 773 386 836 Clotaet
407 770 562 844 Bodotria,
592 768 704 831 diversi
734 768 828 829 maris
858 767 996 828 aestibus
1024 787 1081 846 per

134 859 320 937 immensum
342 885 492 946 revectae‚
509 883 639 955 angusto
655 882 803 932 terrarum
818 869 917 948 spatio
932 867 1080 929 dirimun-

134 988 202 1038 tur:
233 975 315 1058 quod
344 987 410 1037 tum
439 972 599 1054 praesidiis
629 971 826 1033 firmabatur:
858 983 950 1051 atque
980 970 1080 1032 omnis

133 1075 255 1155 propior
291 1075 377 1136 sinus
413 1072 583 1147 tenebatur,
614 1071 777 1133 summotis
805 1069 892 1131 velut
927 1069 959 1130 in
988 1069 1080 1131 aliam

135 1175 266 1238 insulam
291 1175 441 1238 hostibus.

178 1276 300 1339 XXIV.
335 1275 451 1349 Quinto
481 1273 710 1354 expeditionum
747 1293 836 1348 anno,
868 1292 946 1333 nave
982 1272 1082 1352 prima

134 1391 355 1461 transgressus,
385 1377 504 1458 ignotas
533 1374 571 1436 ad
601 1373 631 1436 id
661 1387 784 1457 tempus
820 1384 929 1456 gentes
965 1372 1081 1434 crebris

136 1479 227 1541 simul
255 1499 292 1540 ac
318 1476 470 1558 prosperis
496 1475 620 1555 proeliis
644 1473 781 1536 domuit:
805 1494 937 1555 eamque
962 1486 1082 1554 partem

136 1578 320 1653 Britanniae,
344 1599 423 1660 quae
453 1576 635 1638 Hiberniam
664 1576 783 1656 aspicit,
813 1575 910 1654 copiis
939 1575 1083 1636 instruxit

135 1682 167 1742 in
196 1702 283 1760 spem
319 1680 418 1763 magis
447 1700 541 1760 quam
575 1677 614 1739 ob
643 1677 860 1751 formidinem3
899 1677 925 1738 si
955 1676 1083 1758 quidem

136 1780 297 1854 Hibernia,
324 1780 426 1842 medio
455 1781 533 1841 inter
561 1776 750 1841 Britanniam
779 1790 870 1860 atque
894 1776 1082 1858 Hispaniam

136 1883 195 1943 sita
210 1894 240 1942 et
256 1879 376 1942 Gallico
398 1902 520 1962 quoque
544 1880 620 1941 mari
643 1891 821 1962 opportuna,
838 1879 1082 1942 valentissimam

135 1982 270 2061 imperii,
291 1994 409 2061 partem
444 1981 566 2064 magnis
600 1981 732 2042 invicem
768 1980 877 2042 usibus
910 1980 1081 2043 miscuerit.

137 2081 279 2163 Spatium
309 2082 385 2166 ejus,
416 2083 442 2145 si
472 2080 647 2144 Britanniae
676 2096 879 2166 comparetur,
907 2083 1081 2165 angustius,

137 2186 229 2247 nostri
259 2186 352 2247 maris
380 2183 495 2246 insulas
525 2195 658 2263 superat.
704 2183 814 2246 Solum
843 2182 1028 2267 coelumque
1051 2197 1084 2247 et

136 2286 258 2368 ingenia
272 2286 435 2367 cultusque
459 2284 616 2347 hominum
640 2283 722 2347 haud
744 2285 877 2347 multum
891 2306 909 2347 e
924 2283 1083 2348 Britannia

135 2386 288 2449 differunt.
333 2385 369 2448 ln
384 2385 496 2448 melius
519 2385 620 2448 aditus
642 2399 810 2470 portusque
825 2407 881 2470 per
895 2389 1084 2465 commercia

136 2500 167 2550 et
181 2490 384 2572 negotiatores
407 2487 531 2571 cogniti.
577 2487 723 2570 Agricola
745 2488 909 2568 expulsum
931 2488 1082 2552 seditione

136 2589 306 2655 domestica
320 2611 416 2652 unum
438 2610 477 2651 ex
497 2589 613 2671 regulis
633 2591 733 2671 gentis
749 2603 911 2670 exceperat
924 2611 961 2652 ac
976 2591 1083 2671 specio

137 2692 288 2754 amicitiae
324 2692 355 2754 in
392 2691 588 2753 occasionem
622 2691 781 2754 retinebat.
837 2690 939 2772 Saepe
972 2707 1012 2754 ex
1043 2704 1084 2755 eo

101 2822 106 2833 ·
137 2791 249 2867 audivi,
265 2791 385 2874 legione
407 2813 468 2855 una
491 2804 521 2854 ct
542 2790 672 2854 modicis
695 2792 816 2854 auxiliis
835 2791 983 2855 debellari
1004 2792 1084 2857 obti-

136 2893 263 2972 nerique
300 2890 483 2954 Hiberniam
518 2913 623 2976 posse.
668 2892 766 2976 quue
802 2894 896 2966 etiam
931 2892 1083 2957 adversus

137 2989 327 3052 Britanniam
348 2991 550 3071 profuturum,
575 2995 602 3056 si
629 2993 771 3057 Romana
795 2995 911 3078 ubique
933 3016 1027 3070 arma,
1051 3008 1085 3058 et

136 3090 221 3152 velut
236 3111 252 3152 e
268 3105 436 3175 conspectu
451 3093 575 3157 libertas
590 3094 757 3158 tolleretur.

180 3189 285 3253 XXV.
311 3191 459 3256 Ceterum
481 3200 686 3279 aestateque
708 3208 830 3260 sextum
852 3195 945 3260 officii
966 3218 1083 3262 annum

137 3289 307 3366 inchoabat,
331 3292 492 3376 amplexus
518 3295 658 3358 civitates
680 3308 764 3359 tram
790 3294 968 3360 Bodotriain
995 3299 1082 3374 sitas,

137 3390 209 3472 quia
242 3403 344 3454 motus
380 3395 593 3457 universarum
629 3394 707 3458 ultra
742 3396 881 3479 gentium
911 3408 941 3459 et
970 3396 1084 3461 infesta

136 3489 255 3552 hostilis
292 3494 445 3556 exercitus
479 3495 587 3558 itinera
616 3495 812 3572 timebantur,
841 3509 947 3576 portus
980 3497 1082 3562 classe

136 3592 320 3673 exploravit:
345 3614 435 3676 quae,
465 3595 504 3658 ab
532 3596 678 3680 Agricola
706 3598 841 3682 primum
869 3611 1028 3679 assumpte
1050 3602 1083 3663 in

134 3706 252 3772 partem
274 3695 395 3771 virium,
411 3696 597 3781 sequebatur
622 3699 746 3782 egregia
768 3699 883 3782 specie,
899 3720 973 3763 cum
988 3700 1084 3765 simul

136 3804 225 3872 terra,
241 3795 334 3860 simul
347 3797 427 3869 mari
440 3794 555 3861 bellum
575 3798 794 3882 impelleretur,
809 3821 847 3863 ac
861 3820 954 3883 saepe
969 3798 1084 3866 iisdem
