2424 4388
486 430 654 473 rsarcom.
1002 418 1043 478 58

104 577 236 660 jugum:
269 588 299 639 et
319 576 456 653 flumine,
486 599 545 639 non
569 577 705 652 Oceano,
728 576 871 641 defendi:
903 579 960 643 sibi
989 601 1042 660 pa·

100 679 200 766 triam,
224 679 380 761 conjuges,
404 691 555 758 parentes,
578 679 638 740 illis
661 681 815 741 avaritiam
839 691 870 742 et
891 680 1042 744 luxuriam

101 799 212 841 causas
249 779 321 863 belli
358 800 437 840 esse.
502 778 706 854 Recessuros,
745 793 779 842 ut
813 779 902 842 divus
938 779 1041 844 Julius

100 892 294 952 recessisset,
315 877 406 940 modo
428 881 555 940 virtutes
584 879 732 961 majorum
759 901 885 944 suorum
907 882 1041 943 aemula·

100 990 213 1040 rentur.
259 978 347 1040 Neve
364 978 469 1058 proelii
484 980 575 1040 unius
591 991 644 1040 aut
660 979 784 1041 alterius
801 992 910 1041 eventu
933 1003 1041 1060 paves·

100 1095 225 1142 cerent:
264 1079 335 1162 plus
364 1081 497 1159 impetus
525 1080 670 1165 majprcm
704 1082 914 1155 constantiam,
944 1103 1040 1161 penes

100 1183 231 1242 miseros
247 1202 327 1242 esse.
372 1178 442 1242 Jam
458 1179 672 1242 Britannorum
688 1182 780 1242 etiam
796 1180 870 1241 deos
893 1183 1039 1256 misereri,

100 1283 154 1363 qui
170 1281 344 1343 Romanum
360 1280 472 1343 ducem
494 1281 661 1356 absentem,
678 1281 731 1362 qui
753 1280 920 1362 relegatum
938 1283 966 1341 in
976 1281 1042 1344 'alia

100 1381 202 1443 insula
216 1383 383 1442 exercitum
398 1381 585 1443 detinerent:
607 1381 670 1464 jam
692 1383 786 1463 ipsos,
803 1381 884 1462 quod
899 1380 1041 1444 difficilli-

100 1504 188 1545 mum
214 1481 314 1556 fuerit,
342 1481 528 1544 deliberare:
558 1503 646 1561 porro
670 1483 700 1544 in
728 1481 877 1565 ejusmodi
904 1481 1040 1544 consiliis

99 1582 304 1662 periculosius
319 1603 388 1644 esse
403 1581 599 1662 deprehendi,
615 1604 706 1666 quam
723 1582 846 1644 audere.

143 1682 233 1745 XVI.
256 1681 318 1745 His
333 1696 424 1765 atque
442 1682 554 1745 talibus
570 1684 701 1745 invicem
716 1685 858 1759 instincti,
876 1683 1038 1761 Boadicea,

99 1785 221 1866 generis
250 1784 324 1866 regii
354 1782 477 1858 femina,
507 1784 586 1847 duce
615 1785 729 1868 (neque
760 1786 841 1847 enim
871 1807 980 1848 sexum
1009 1787 1041 1849 in

99 1885 239 1964 imperiis
268 1884 458 1963 discernunt)
481 1906 640 1964 sumpsere
669 1887 802 1948 universi
832 1886 972 1949 bellum:
1003 1907 1040 1949 ac

100 2007 224 2068 sparsos
260 2006 315 2065 per
350 1986 475 2047 castella
510 1985 623 2047 milites
653 1988 828 2061 consectati,
858 1988 1039 2069 expugnatis

99 2085 271 2169 praesidiis,
295 2086 394 2165 ipsam
416 2085 565 2148 coloniam
590 2087 737 2160 invasere,
763 2099 796 2148 ut
818 2088 923 2149 sedem
946 2089 1039 2150 servi·

36 2196 38 2202 ’
72 2227 75 2233 ,
100 2187 195 2249 tutis:
220 2208 276 2248 nec
303 2186 401 2249 ullum
428 2188 459 2249 in
486 2186 620 2249 barbaris
643 2187 787 2249 saevitiae
810 2208 908 2270 genus
938 2189 1041 2250 omisit

100 2288 145 2369 ira
168 2298 198 2349 et
220 2288 355 2349 victoria.
400 2287 493 2360 Quod
516 2289 574 2349 nisi
596 2287 768 2362 Paullinus,
785 2289 906 2370 cognito
920 2288 1040 2370 provin-

101 2388 168 2449 ciae
204 2400 299 2463 motu,
335 2409 463 2471 propere
500 2388 703 2463 subvenisset,
735 2390 850 2450 amissa
886 2386 1041 2450 Britannia

100 2488 200 2550 foret:
229 2511 321 2571 quarn
350 2491 442 2551 unius
471 2489 577 2569 proelii
606 2489 726 2551 fortuna
754 2489 848 2550 veteri
876 2489 1039 2567 patientiae

100 2590 241 2664 restituit,
257 2590 431 2652 tenentibus
453 2611 537 2651 arma
563 2590 726 2672 plerisque,
750 2610 827 2671 quos
854 2589 1041 2650 conscientia

100 2691 281 2754 defectionis
304 2705 334 2754 et
355 2693 480 2771 propius
503 2713 541 2753 er
555 2691 656 2774 legato
678 2692 767 2752 timor
789 2690 932 2773 agitabat.
977 2690 1040 2752 Hic

101 2814 173 2855 cum
211 2794 353 2875 egregius
385 2806 496 2866 cetera,
526 2804 699 2875 arroganter
727 2794 758 2853 in
788 2791 906 2853 deditos
936 2804 975 2866 et,
1006 2803 1041 2854 ut

102 2914 178 2955 suae
201 2914 323 2976 quoque
346 2894 471 2976 injuriae
495 2894 583 2968 ultor,
598 2893 705 2955 durius
728 2892 910 2967 consuleret,
925 2894 1040 2955 missus

101 2993 265 3055 Petronius
288 2993 498 3074 Turpilianus,
514 3007 658 3076 tanquam
681 2993 878 3055 exorabilior:
903 3007 933 3056 et
947 2994 1041 3057 delic-

103 3096 141 3156 tis
164 3094 298 3156 hostium
327 3116 434 3169 novus,
465 3116 563 3175 eoque
592 3096 795 3178 poenitentiae
824 3096 933 3168 mitior,
958 3117 1041 3157 com-

101 3196 209 3274 positis
228 3196 388 3275 prioribus,
404 3195 480 3257 nihil
501 3196 580 3258 ultra
602 3216 707 3270 ausuS,
723 3195 881 3257 Trebellio
904 3195 1041 3258 Maximo

101 3297 288 3376 provinciam
302 3296 434 3358 tradidit.
480 3296 656 3358 Trebellius
676 3297 806 3378 segnior,
823 3310 853 3358 et
868 3296 959 3357 nullis
975 3318 1041 3358 cas-

102 3409 214 3457 trorum
231 3397 455 3475 experimentis,
472 3397 614 3458 comitate
629 3396 761 3479 quadam
782 3398 907 3458 curandi
921 3399 1041 3477 provin-

102 3498 182 3558 ciam
200 3499 307 3560 tenuit.
352 3496 496 3559 Didicere
517 3498 580 3580 jam
602 3498 720 3559 barbari
737 3519 859 3580 quoque
882 3500 1041 3580 ignoscere

102 3599 184 3659 vitiis
207 3597 452 3660 blandientibus}
480 3611 510 3660 et
525 3600 712 3660 interventus
735 3598 871 3659 civilium
888 3617 1042 3657 armorum

101 3697 242 3777 praebuit
253 3697 368 3780 justam
384 3699 531 3781 segnitiae
547 3698 796 3758 excusationem:
821 3694 874 3755 sed
887 3692 1043 3782 discordia

102 3797 282 3874 laboratum,
312 3819 384 3861 cum
412 3811 555 3862 assuetus
591 3796 834 3878 expeditionibus
864 3793 953 3856 miles
983 3794 1043 3857 otio
