2424 4388
524 432 693 477 scnrcom.
1041 424 1084 485 'ta

141 575 337 639 sermonibus
359 577 431 652 tuis,
453 591 600 641 constans
622 592 653 643 et
673 581 772 645 libens
794 582 891 648 latum
913 588 1080 668 excepisti;

138 688 289 758 tanquam
327 694 399 757 pro¹
417 678 495 740 virili
533 681 670 759 portione
710 683 913 749 innocentiam
951 689 1081 768 principi

137 776 282 839 donares.
326 777 391 840 Sed
419 778 494 840 mihi
516 780 658 862 filiaeque
688 782 765 865 ejus,
787 798 906 864 praeter
933 788 1080 852 acerbita-

137 891 203 940 tem
224 880 359 961 parentis
382 880 487 959 erepti,
511 894 603 962 auget
624 885 817 960 moestitiam,
841 886 921 968 quod
944 888 1079 950 assidere

136 978 317 1052 valetudini,
334 978 437 1041 fovere
456 979 659 1057 deficientem,
677 985 778 1046 satiari
795 985 888 1061 vultu,
905 988 1077 1071 complexu,

136 1099 201 1139 non
221 1079 369 1160 contigit:
394 1080 626 1162 excepissemus
648 1094 729 1143 certe
752 1083 892 1146 mandata
913 1107 1077 1168 vocesque,

136 1199 217 1260 quas
232 1180 354 1258 penitus
369 1180 471 1240 animo
486 1179 662 1262 figeremun
706 1180 821 1244 Noster
835 1183 885 1245 hic
899 1184 993 1260 dolor,
1009 1207 1078 1247 nos·

136 1290 221 1340 trum
242 1278 373 1340 vulnus:
397 1279 485 1341 nobis
507 1291 570 1341 tam
593 1280 702 1363 longae
728 1282 884 1345 absentiae
906 1284 1078 1346 conditione

135 1389 208 1440 ante
236 1379 469 1460 quadriennium
494 1381 628 1442 amissus
650 1394 707 1444 est.
753 1382 865 1444 Omnia
886 1385 952 1445 sine
974 1383 1077 1458 dubio,

136 1479 253 1558 optime
275 1492 444 1558 parentum,
461 1480 614 1543 assidente
630 1483 838 1545 amantissima
853 1504 956 1557 uxore,
973 1503 1077 1562 super-

135 1577 224 1641 fuere
240 1577 344 1643 honori
357 1591 429 1642 tuo:
452 1581 648 1660 paucioribus
663 1595 763 1644 tamen
779 1583 912 1645 lacrimis
927 1584 1078 1663 composi·

135 1690 188 1742 tus
203 1699 248 1754 es,
264 1691 295 1741 et
316 1681 483 1743 novissima
498 1681 528 1742 in
549 1682 618 1742 luce
633 1681 844 1744 desideravere
866 1682 980 1765 aliquid
995 1682 1077 1746 oculi

134 1781 193 1842 tui.

180 1877 299 1941 XLVI.
338 1879 373 1942 Si
410 1882 496 1962 quis,
515 1881 635 1963 piorum
671 1882 812 1944 manibus
848 1883 945 1958 locus,
976 1882 1012 1959 si,
1042 1896 1077 1946 ut

136 1980 327 2059 sapientibus
355 1981 465 2060 placet,
495 2001 556 2042 non
585 2003 657 2044 cum
689 2003 813 2065 corpore
843 1985 1077 2065 exstinguuntur

134 2101 266 2162 magnae
302 2082 432 2156 animae,
466 2081 585 2161 placide
614 2083 767 2163 quiescas,
794 2103 920 2164 nosque,
949 2082 1076 2146 domum

134 2193 232 2257 tuam,
254 2182 292 2244 ab
320 2181 440 2247 infirmo
468 2181 620 2243 desiderio
649 2195 679 2244 et
704 2182 905 2244 muliebribus
934 2181 1074 2244 lamentis

134 2280 175 2343 ed
211 2281 498 2360 contemplationem
527 2281 674 2343 virtutum
710 2293 831 2343 tuarum
863 2301 964 2354 voces,
998 2301 1074 2361 quas

133 2400 237 2462 neque
266 2380 363 2463 lugeri
394 2401 494 2462 neque
520 2381 624 2464 plangi
645 2379 692 2442 fas
721 2392 788 2442 est:
819 2379 1015 2441 admiratione
1044 2392 1074 2442 te

133 2481 248 2561 potius,
264 2502 356 2562 quam
380 2481 597 2560 temporalibus
616 2479 768 2555 laudibus,
785 2492 825 2555 et,
842 2480 868 2540 si
882 2490 989 2540 natura
1003 2499 1074 2560 sup-

133 2578 260 2659 peditet,
284 2579 482 2641 similitudine
504 2579 697 2641 decoremus
742 2576 774 2639 Is
796 2598 887 2638 verus
910 2576 1017 2650 honos,
1038 2597 1075 2638 ea

134 2676 378 2760 conjunctissimi
415 2677 562 2760 cujusque
598 2678 705 2757 pietas.
763 2676 800 2738 ld
836 2675 916 2737 filiae
952 2695 1074 2758 quoque

134 2779 284 2859 uxorique
298 2781 517 2858 praeceperim,
535 2779 580 2840 sic
594 2779 697 2857 patris,
715 2778 759 2838 sic
782 2776 881 2837 mariti
895 2776 1075 2837 memoriam

134 2879 283 2951 venerari,
298 2890 333 2939 ut
359 2879 463 2957 omnia·
482 2877 564 2940 facta
585 2876 726 2957 dictaque
753 2874 819 2957 ejus
846 2894 952 2935 secum
977 2874 1074 2936 revol-

134 2990 216 3052 vant,
240 2977 431 3059 formamque
455 2999 491 3039 ac
506 2977 636 3059 figuram
662 2976 755 3037 animi
781 2975 879 3057 magis
894 2995 988 3056 quam
1009 2995 1074 3037 cor-

134 3079 217 3158 poris
240 3078 501 3158 complectantur:
525 3098 585 3138 non
606 3077 678 3158 quia
700 3075 948 3138 intercedendum
968 3089 1075 3155 putem

134 3179 330 3260 imaginibus,
362 3199 441 3260 quae
470 3197 621 3240 marmore
650 3189 702 3238 aut
728 3176 995 3257 aerefinguntu13
1019 3175 1075 3238 sed

136 3291 170 3339 ut
197 3278 300 3340 vultus
329 3277 497 3352 hominum,
528 3279 569 3339 ita
598 3275 761 3338 simulacra
789 3275 891 3337 vultus
921 3263 1075 3337 imbecilla

134 3398 172 3439 ac
186 3377 324 3439 mortalia
346 3389 435 3452 sunt3
458 3376 556 3439 forma
577 3377 689 3438 mentis
711 3387 842 3449 aeterna,
859 3395 952 3456 quam
971 3385 1073 3435 tenere

134 3489 166 3538 et
194 3479 364 3556 exprimere
393 3497 454 3536 non
481 3496 536 3556 per
563 3475 694 3536 alienam
723 3475 881 3536 materiam
909 3486 940 3535 et
967 3485 1072 3547 artem,

134 3576 192 3639 sed
217 3577 277 3638 tuis
300 3577 366 3658 ipse
388 3576 524 3637 moribus
545 3575 656 3654 possis.
701 3572 859 3654 Quidquid
882 3593 920 3633 ex
932 3568 1075 3651 Agricola

133 3677 316 3750 amavimus,
332 3674 480 3756 quidquid
502 3675 602 3735 mirati
624 3695 742 3747 sumus
759 3684 862 3733 manet
883 3688 1074 3731 mansurum-

133 3795 196 3857 que
209 3787 259 3837 est
280 3775 311 3835 in
333 3775 443 3835 animis
465 3773 632 3847 hominum,
649 3775 679 3833 in
694 3770 870 3832 aeternitate
892 3780 1073 3845 temporum,

563 3862 581 3914 5
