2424 4388
526 419 694 462 rcarcous.
1042 412 1083 469 56

137 564 255 626 bellum
289 562 476 641 inchoaturo,
507 577 538 628 et
565 566 719 648 plerisque
756 570 900 632 custodiri
938 585 1081 653 suspecte

134 664 241 744 potius
264 663 432 740 videbatur,
457 665 500 726 ire
523 665 644 728 obviarn
667 665 833 730 discrimini
863 672 986 733 statuit:
1009 693 1081 735 con-

136 766 304 846 tractisque
343 764 498 847 legionum
533 766 653 828 vexillis
682 780 713 829 et
743 769 863 832 modica
899 771 1081 835 auxiliorum

137 887 243 938 manu,
260 867 332 945 quia
355 868 384 927 in
408 887 542 948 aequum
563 867 687 949 degredi
706 868 874 932 Ordovices
900 893 961 933 non
986 873 1079 936 aude-

136 967 220 1040 bant,
238 969 303 1046 ipse
327 978 396 1028 ante
419 988 540 1050 agmen,
556 989 617 1049 quo
640 971 750 1032 ceteris
772 992 826 1050 par
848 974 968 1035 animus
987 975 1078 1037 simili

137 1068 275 1147 periculo
290 1079 383 1141 esset,
400 1069 495 1130 erexit
514 1070 633 1130 aciem:
657 1089 809 1152 caesaque
829 1094 922 1153 prope
937 1076 1079 1138 universa

137 1181 240 1250 gente,
256 1189 316 1230 non
338 1170 462 1250 ignarus
487 1168 661 1231 instandum
681 1169 792 1245 famae,
808 1193 855 1247 ac,
870 1187 960 1252 prout
980 1176 1079 1254 prima

138 1270 315 1342 cessissent,
353 1268 417 1331 fore
460 1271 612 1344 universa,
650 1269 775 1332 Monam
812 1272 953 1348 insulem,
990 1275 1079 1357 cujus

137 1371 334 1451 possessione
371 1382 547 1431 revocatum
576 1369 753 1433 Paullinum
789 1372 953 1434 rebellione
986 1375 1078 1437 totius

139 1469 313 1532 Britanniae
343 1491 435 1550 supra
462 1473 639 1546 memoravi,
669 1472 808 1555 redigere
839 1473 870 1534 in
896 1486 1077 1553 potestatem

137 1571 240 1631 animo
270 1570 407 1632 intendit.
452 1570 526 1645 Sed,
555 1584 591 1633 ut
619 1572 649 1633 in
678 1571 779 1635 dubiis
809 1575 955 1650 consiliis,
984 1597 1078 1638 nares

136 1671 283 1731 deerant:
313 1672 390 1732 ratio
418 1684 448 1734 et
477 1672 646 1734 constantia
673 1672 761 1735 ducis
794 1676 969 1737 transvexit.
1013 1673 1078 1739 De·

135 1773 245 1852 positis
289 1772 431 1833 omnibus
473 1773 611 1846 sarcinis,
654 1773 837 1836 lectissimos
874 1776 1075 1852 auxiliarium,

136 1873 250 1954 quibus
277 1886 347 1934 nota
369 1873 446 1934 vada
468 1886 499 1934 et
519 1874 635 1953 patrius
663 1874 753 1936 nandi
784 1897 869 1946 usus,
897 1898 958 1958 quo
984 1877 1077 1940 simul

137 1994 234 2055 seque
258 1987 288 2036 et
310 1995 393 2034 arma
416 1987 446 2035 et
467 1962 563 2056 equos
586 1988 704 2057 regunt,
727 1977 769 2038 ita
790 1988 914 2056 repente
937 1979 1073 2052 immisit,

136 2087 171 2135 ut
201 2074 403 2154 obstupefacti
432 2074 546 2149 hostes,
570 2077 621 2156 qui
651 2075 793 2150 classem,
816 2078 869 2159 qui
894 2100 997 2153 naves,
1021 2079 1075 2161 qui

135 2197 220 2236 mare
244 2176 453 2255 expectabant,
480 2175 555 2238 nibil
577 2176 706 2239 arduum
728 2191 781 2240 aut
802 2180 951 2240 invictum
979 2179 1076 2241 credi-

135 2275 235 2337 derint
250 2277 295 2337 sic
317 2276 356 2338 ad
377 2275 493 2338 bellum
514 2277 718 2339 venientibus.
764 2277 810 2340 Ita
833 2279 926 2361 petita
948 2299 1024 2361 pace
1039 2299 1076 2341 ac

135 2377 238 2439 dedita
275 2376 384 2451 insula,
414 2376 515 2439 clarus
543 2398 580 2439 ac
609 2399 740 2461 magnus
777 2378 881 2440 haberi
910 2378 1073 2460 Agricola:

135 2479 249 2560 quippe
275 2479 326 2540 cui
348 2476 528 2560 ingredienti
557 2480 753 2558 provinciam,
778 2478 859 2561 quod
881 2491 1002 2558 tempus
1025 2479 1076 2541 alii

134 2600 191 2658 per
209 2580 441 2640 ostentationem
464 2593 518 2639 aut
539 2578 710 2641 officiorum
732 2581 881 2641 ambitum
895 2581 1074 2660 transigunt,

135 2679 222 2742 labor
243 2693 274 2740 et
295 2679 467 2758 periculum
496 2679 672 2760 placuisset.
717 2678 786 2740 Nec
815 2678 968 2760 Agricola,
991 2701 1075 2759 pros·

134 2783 262 2866 peritate
288 2802 390 2843 rerum
416 2782 447 2843 in
474 2782 638 2843 vanitatem
665 2802 752 2854 usus,
777 2780 1001 2859 expeditionem
1024 2793 1076 2842 aut

135 2883 293 2945 victoriam
308 2882 437 2943 vocabat
452 2883 548 2943 victos
564 2882 751 2943 continuisse
766 2903 772 2942 :
797 2902 836 2942 ne
851 2881 993 2944 laureatis
1008 2882 1074 2965 qui·

134 2983 208 3045 dem
236 2996 323 3066 gesta
352 2997 534 3062 prosecutus
561 2995 628 3044 est:
660 2983 714 3044 sed
744 2984 810 3062 ipsa
832 2983 1074 3046 dissimulatione

135 3083 235 3146 famae
257 3085 371 3147 famam
394 3085 487 3158 auxit,
511 3084 752 3159 aestimantibus,
769 3073 881 3166 quauta
903 3082 996 3147 futuri
1020 3106 1073 3166 spe

135 3199 197 3248 tam
213 3206 324 3268 magna
339 3186 496 3246 tacuisset.

177 3283 269 3347 XIX.
315 3284 463 3347 Ceterum
506 3285 676 3346 animorum
719 3285 892 3364 provinciae
929 3284 1073 3364 prudens,

135 3386 290 3467 simulque
311 3386 420 3448 doctus
446 3406 500 3465 per
528 3385 626 3447 aliena
649 3386 855 3465 experimenta
877 3406 983 3469 parum
1007 3406 1074 3469 pro-

134 3487 186 3548 fici
215 3488 318 3562 armis,
343 3488 369 3548 si
397 3487 523 3569 injuriae
553 3500 761 3568 sequerentur,
785 3507 895 3547 sarisas
925 3485 1074 3547 bellorum

135 3589 240 3650 statuit
262 3588 413 3650 excidere.
457 3589 485 3650 A
502 3609 535 3648 se
551 3588 675 3669 suisque
692 3609 789 3662 orsus,
805 3589 935 3667 primam
949 3584 1075 3646 domum

136 3673 224 3751 suam
250 3691 405 3764 coercuit:
428 3688 510 3770 quod
533 3687 686 3770 plerisque
713 3687 794 3749 haud
818 3688 919 3749 minus
945 3682 1075 3745 arduum

135 3803 193 3864 est,
223 3810 317 3871 quam
351 3790 539 3870 provinciam
575 3809 692 3870 regere.
747 3786 833 3849 Nihil
861 3805 916 3866 per
951 3782 1075 3845 libertos
