2424 4388
161 418 204 477 ⁶0
488 432 517 472 e.
541 429 639 472 coru.
662 427 773 470 morri

161 581 289 647 influere
311 580 432 660 penitus
455 591 546 660 atque
576 577 701 652 ambire,
725 589 757 638 et
781 576 865 659 jugis
891 576 985 638 etiam
1014 588 1106 658 atque

161 683 317 747 montibus
332 682 425 743 inseri
440 679 571 742 velutin
586 700 654 741 suo.

204 780 264 845 XI.
289 782 437 844 Ceterum
460 780 649 842 Britanniam
666 781 718 862 qui
736 778 880 841 mortales
904 779 989 841 initio
1004 779 1107 841 colue-

162 885 230 959 rint,
253 883 414 965 indigenae
443 903 481 943 an
510 880 639 956 advecti,
663 894 697 943 ut
721 882 798 943 inter
820 880 975 954 barbaros,
999 900 1107 960 parum

162 996 364 1067 compertum.
410 981 545 1044 Habitus
576 1002 736 1061 corporum
759 981 856 1042 varii:
887 994 979 1062 atque
1010 1001 1050 1042 ex
1071 1000 1108 1042 eo

162 1096 361 1168 argumenta;
385 1104 518 1165 namque
544 1082 659 1143 rutilae.
678 1081 880 1144 Caledoniam
905 1081 1107 1144 habitantium

163 1206 279 1261 comae,
303 1185 405 1266 magni
435 1197 527 1255 artus,
559 1181 777 1244 Germanicam
807 1183 956 1264 originem
985 1203 1108 1244 asseve-

162 1300 238 1350 rant.
283 1285 419 1348 Silurum
457 1284 582 1346 colorati
614 1284 717 1346 vultus
754 1297 785 1346 et
821 1285 888 1345 torti
926 1283 1108 1366 plerumque

163 1391 263 1451 crines
307 1376 336 1448 et
379 1387 478 1471 posita
514 1399 618 1447 contra
655 1384 808 1470 Hispania
844 1384 951 1446 Iberos
989 1398 1108 1447 veteres

163 1492 319 1575 trajecisse
359 1509 473 1570 easque
512 1488 603 1549 sedes
643 1509 812 1568 occupasse
850 1487 942 1549 fidem
980 1486 1108 1550 faciunt.

163 1591 299 1655 Proximi
324 1590 423 1653 Gallis
446 1604 476 1651 et
498 1589 615 1651 similes
638 1602 729 1664 sunt;
755 1610 809 1650 seu
832 1589 959 1650 durante
983 1590 1108 1672 originis

163 1694 204 1767 vi,
221 1713 286 1766 seu,
309 1691 556 1771 procurrentibus
579 1691 610 1752 in
631 1690 753 1752 diversa
775 1691 872 1764 terris,
895 1691 1008 1769 positio
1029 1690 1109 1752 coeli

164 1792 341 1871 corporibus
364 1791 500 1852 habitum
516 1791 618 1853 dedit:
642 1793 672 1852 in
690 1793 868 1854 universum
891 1804 995 1852 tamen
1018 1794 1109 1853 aesti-

164 1894 269 1967 manti,
301 1892 408 1952 Gallos
446 1893 579 1953 vicinum
618 1892 719 1956 solum
756 1914 924 1972 occupasse
961 1893 1108 1955 credibile

164 2007 222 2055 est.
267 1993 385 2054 Eorum
415 2014 501 2054 sacra
523 1992 734 2072 deprehendas
764 1995 1015 2074 superstitionum
1042 2016 1109 2078 per-

165 2095 328 2156 suasione:
353 2115 454 2156 sermo
484 2093 563 2155 haud
595 2095 725 2156 multum
754 2095 917 2170 diversus;
942 2096 973 2156 in
999 2096 1109 2176 depos-

164 2195 271 2257 cendis
296 2195 442 2280 periculis
465 2195 572 2257 eadem
603 2196 731 2257 audacia
754 2210 793 2270 et,
818 2197 870 2258 ubi
893 2196 1054 2271 advenere,
1079 2200 1110 2260 in

164 2298 367 2361 detrectandis
405 2298 512 2359 eadem
546 2298 684 2360 formido.
730 2298 807 2360 Plus
843 2314 946 2360 tamen
975 2299 1108 2362 ferociae

165 2398 300 2461 Britanni
323 2398 506 2478 praeferunt,
524 2412 557 2460 ut
572 2420 649 2480 quos
666 2399 801 2461 nondum
823 2400 913 2482 longa
938 2422 997 2480 pax
1013 2402 1108 2464 emol-

163 2499 262 2562 lierit:
294 2521 364 2561 nam
389 2497 495 2560 Gallos
527 2520 649 2581 quoque
680 2501 710 2561 in
739 2501 828 2562 bellis
850 2501 991 2563 floruisse
1021 2524 1109 2564 acce-

163 2602 285 2681 pimus:
310 2621 381 2662 mox
404 2601 533 2683 segnitia
549 2621 621 2662 eum
638 2602 699 2663 otio
721 2603 851 2675 intravit,
869 2603 983 2664 amissa
997 2604 1109 2666 virtute

163 2703 275 2782 pariter
303 2724 339 2764 ac
369 2702 528 2775 libertate;
559 2702 640 2784 quod
671 2701 886 2766 Britannorum
916 2703 989 2766 olim
1020 2706 1109 2768 victis

165 2803 284 2864 evenit:
309 2803 402 2863 ceteri
418 2815 551 2874 manent,
568 2801 675 2884 quales
692 2801 775 2864 Galli
789 2802 924 2866 fuerunt.

207 2900 283 2963 ΧΗ.
307 2901 344 2962 In
365 2901 468 2981 pedite
491 2903 604 2963 robur:
630 2903 781 2985 quaedam
803 2907 941 2968 nationes
965 2919 995 2968 et
1018 2929 1109 2970 curru

164 2999 372 3080 proeliantur:
411 3000 565 3063 honestior
593 3004 708 3084 auriga,
740 3004 868 3066 clientes
905 3021 1109 3089 propugnant.

166 3098 249 3161 Olim
272 3101 396 3181 regibus
412 3101 566 3180 parebant,
584 3125 664 3165 nunc
687 3125 742 3188 per
756 3107 909 3185 principes
924 3107 1109 3170 factionibus

166 3212 197 3262 et
211 3199 320 3262 studiis
342 3201 520 3264 trahuntur:
544 3225 601 3266 nec
628 3205 711 3267 aliud
734 3206 882 3269 adversus
904 3208 1110 3271 validissimas

165 3315 273 3385 gentes
288 3324 342 3386 pro
364 3305 452 3366 nobis
476 3306 590 3379 utilius
607 3329 699 3388 quam
716 3307 798 3389 quod
814 3309 1022 3372 incommune
1049 3333 1110 3373 non

133 3403 340 3494 ⁴geonsulunt.
385 3404 488 3467 Rarus
503 3407 624 3468 duabus
645 3408 781 3471 tribusve
798 3410 972 3473 civitatibus
988 3412 1026 3473 ad
1042 3435 1110 3492 pro-

165 3502 351 3587 pulsandum
374 3527 537 3568 commune
559 3508 732 3587 periculum
754 3525 942 3573 conventus:
967 3513 1017 3587 ita,
1034 3513 1109 3576 dum

166 3606 278 3689 singuli
304 3620 449 3689 pugnant,
467 3609 599 3671 universi
615 3611 786 3673 vincuntur.
834 3612 967 3675 Coelum
994 3617 1110 3678 crebris

166 3709 315 3772 imbribus
352 3729 387 3770 ac
424 3707 544 3769 nebulis
580 3709 731 3773 foedum:
776 3714 925 3796 asperitas
960 3713 1110 3798 frigorum

166 3809 263 3874 abest.
306 3809 437 3874 Dierum
467 3812 564 3891 spatia
592 3812 671 3875 ultra
699 3813 793 3875 nestri
815 3815 898 3877 orbis
921 3837 1108 3894 mensuram,
