<?xml version="1.0" encoding="UTF-8"?>
<!DOCTYPE html PUBLIC "-//W3C//DTD XHTML 1.0 Transitional//EN"
    "http://www.w3.org/TR/xhtml1/DTD/xhtml1-transitional.dtd">
<html xmlns="http://www.w3.org/1999/xhtml" xml:lang="en" lang="en">
 <head>
  <title>
</title>
<meta http-equiv="Content-Type" content="text/html;charset=utf-8" />
  <meta name='ocr-system' content='tesseract 3.04.00' />
  <meta name='ocr-capabilities' content='ocr_page ocr_carea ocr_par ocr_line ocrx_word'/>
</head>
<body>
  <div class='ocr_page' id='page_1' title='image "./germaniaandagri00tacigoog/germaniaandagri00tacigoog_0085.png"; bbox 0 0 2424 4388; ppageno 0'>
   <div class='ocr_carea' id='block_1_1' title="bbox 136 406 744 463">
    <p class='ocr_par' dir='ltr' id='par_1_1' title="bbox 136 406 744 463">
     <span class='ocr_line' id='line_1_1' title="bbox 136 406 744 463; baseline 0 -1"><span class='ocrx_word' id='word_1_1' title='bbox 136 406 177 463; x_wconf 87' lang='grc'>66</span> <span class='ocrx_word' id='word_1_2' title='bbox 465 421 494 462; x_wconf 91' lang='lat' dir='ltr'>c.</span> <span class='ocrx_word' id='word_1_3' title='bbox 518 420 613 462; x_wconf 80' lang='lat' dir='ltr'>coar.</span> <span class='ocrx_word' id='word_1_4' title='bbox 636 420 744 463; x_wconf 78' lang='lat' dir='ltr'>rnerrr</span> 
     </span>
    </p>
   </div>
   <div class='ocr_carea' id='block_1_2' title="bbox 134 562 1077 3853">
    <p class='ocr_par' dir='ltr' id='par_1_2' title="bbox 134 562 1070 2933">
     <span class='ocr_line' id='line_1_2' title="bbox 177 562 1066 650; baseline 0.01 -26"><span class='ocrx_word' id='word_1_5' title='bbox 177 562 319 626; x_wconf 86' lang='lat' dir='ltr'>XXXVI.</span> <span class='ocrx_word' id='word_1_6' title='bbox 343 568 390 628; x_wconf 88' lang='lat' dir='ltr'>Ac</span> <span class='ocrx_word' id='word_1_7' title='bbox 418 569 516 647; x_wconf 88' lang='lat' dir='ltr'>primo</span> <span class='ocrx_word' id='word_1_8' title='bbox 544 588 711 650; x_wconf 88' lang='lat' dir='ltr'>congressu</span> <span class='ocrx_word' id='word_1_9' title='bbox 733 568 852 630; x_wconf 89' lang='lat' dir='ltr'>eminus</span> <span class='ocrx_word' id='word_1_10' title='bbox 875 569 1066 634; x_wconf 82' lang='lat' dir='ltr'>certabatur:</span> 
     </span>
     <span class='ocr_line' id='line_1_3' title="bbox 137 667 1068 753; baseline 0.005 -25"><span class='ocrx_word' id='word_1_11' title='bbox 137 667 227 728; x_wconf 88' lang='lat' dir='ltr'>simul</span> <span class='ocrx_word' id='word_1_12' title='bbox 243 669 418 740; x_wconf 89' lang='lat' dir='ltr'>constantia,</span> <span class='ocrx_word' id='word_1_13' title='bbox 436 667 527 730; x_wconf 90' lang='lat' dir='ltr'>simul</span> <span class='ocrx_word' id='word_1_14' title='bbox 542 681 604 729; x_wconf 88' lang='lat' dir='ltr'>arte</span> <span class='ocrx_word' id='word_1_15' title='bbox 620 667 754 729; x_wconf 84' lang='lat' dir='ltr'>Britanni</span> <span class='ocrx_word' id='word_1_16' title='bbox 771 669 945 750; x_wconf 85' lang='lat' dir='ltr'>ingentibus</span> <span class='ocrx_word' id='word_1_17' title='bbox 959 670 1068 753; x_wconf 85' lang='lat' dir='ltr'>gladiis</span> 
     </span>
     <span class='ocr_line' id='line_1_4' title="bbox 137 767 1068 833; baseline 0.006 -6"><span class='ocrx_word' id='word_1_18' title='bbox 137 779 167 827; x_wconf 91' lang='lat' dir='ltr'>et</span> <span class='ocrx_word' id='word_1_19' title='bbox 180 767 323 828; x_wconf 86' lang='lat' dir='ltr'>brevibus</span> <span class='ocrx_word' id='word_1_20' title='bbox 345 769 436 829; x_wconf 87' lang='lat' dir='ltr'>cetris</span> <span class='ocrx_word' id='word_1_21' title='bbox 459 768 587 829; x_wconf 84' lang='lat' dir='ltr'>missilia</span> <span class='ocrx_word' id='word_1_22' title='bbox 612 781 781 830; x_wconf 90' lang='lat' dir='ltr'>nostrorum</span> <span class='ocrx_word' id='word_1_23' title='bbox 797 769 890 830; x_wconf 89' lang='lat' dir='ltr'>vitare</span> <span class='ocrx_word' id='word_1_24' title='bbox 906 769 955 831; x_wconf 93' lang='lat' dir='ltr'>vel</span> <span class='ocrx_word' id='word_1_25' title='bbox 978 792 1068 833; x_wconf 81' lang='lat' dir='ltr'>excu-</span> 
     </span>
     <span class='ocr_line' id='line_1_5' title="bbox 136 866 1067 949; baseline 0.003 -21"><span class='ocrx_word' id='word_1_26' title='bbox 136 879 209 940; x_wconf 86' lang='lat' dir='ltr'>tere,</span> <span class='ocrx_word' id='word_1_27' title='bbox 233 879 323 949; x_wconf 90' lang='lat' dir='ltr'>atque</span> <span class='ocrx_word' id='word_1_28' title='bbox 345 867 402 945; x_wconf 91' lang='lat' dir='ltr'>ipsi</span> <span class='ocrx_word' id='word_1_29' title='bbox 427 888 567 948; x_wconf 89' lang='lat' dir='ltr'>magnam</span> <span class='ocrx_word' id='word_1_30' title='bbox 589 869 652 927; x_wconf 90' lang='lat' dir='ltr'>vim</span> <span class='ocrx_word' id='word_1_31' title='bbox 678 866 805 929; x_wconf 89' lang='lat' dir='ltr'>telorum</span> <span class='ocrx_word' id='word_1_32' title='bbox 829 868 1067 947; x_wconf 85' lang='lat' dir='ltr'>superfundere:</span> 
     </span>
     <span class='ocr_line' id='line_1_6' title="bbox 136 966 1069 1052; baseline 0.003 -25"><span class='ocrx_word' id='word_1_33' title='bbox 136 966 232 1028; x_wconf 92' lang='lat' dir='ltr'>donec</span> <span class='ocrx_word' id='word_1_34' title='bbox 248 967 390 1049; x_wconf 81' lang='lat' dir='ltr'>Agricola</span> <span class='ocrx_word' id='word_1_35' title='bbox 413 979 473 1028; x_wconf 90' lang='lat' dir='ltr'>tres</span> <span class='ocrx_word' id='word_1_36' title='bbox 498 966 681 1028; x_wconf 86' lang='lat' dir='ltr'>Batavorum</span> <span class='ocrx_word' id='word_1_37' title='bbox 705 966 844 1028; x_wconf 87' lang='lat' dir='ltr'>cohortes</span> <span class='ocrx_word' id='word_1_38' title='bbox 869 989 905 1028; x_wconf 90' lang='lat' dir='ltr'>ac</span> <span class='ocrx_word' id='word_1_39' title='bbox 928 967 1069 1052; x_wconf 86' lang='lat' dir='ltr'>Tungro-</span> 
     </span>
     <span class='ocr_line' id='line_1_7' title="bbox 135 1066 1069 1139; baseline 0.002 -10"><span class='ocrx_word' id='word_1_40' title='bbox 135 1089 204 1129; x_wconf 88' lang='lat' dir='ltr'>rum</span> <span class='ocrx_word' id='word_1_41' title='bbox 231 1067 308 1129; x_wconf 91' lang='lat' dir='ltr'>duas</span> <span class='ocrx_word' id='word_1_42' title='bbox 337 1067 509 1128; x_wconf 82' lang='lat' dir='ltr'>cohortatus</span> <span class='ocrx_word' id='word_1_43' title='bbox 537 1080 593 1139; x_wconf 89' lang='lat' dir='ltr'>est,</span> <span class='ocrx_word' id='word_1_44' title='bbox 617 1080 651 1129; x_wconf 91' lang='lat' dir='ltr'>ut</span> <span class='ocrx_word' id='word_1_45' title='bbox 680 1088 746 1129; x_wconf 89' lang='lat' dir='ltr'>rem</span> <span class='ocrx_word' id='word_1_46' title='bbox 774 1066 811 1129; x_wconf 87' lang='lat' dir='ltr'>ad</span> <span class='ocrx_word' id='word_1_47' title='bbox 840 1089 1004 1130; x_wconf 89' lang='lat' dir='ltr'>mucrones</span> <span class='ocrx_word' id='word_1_48' title='bbox 1033 1091 1069 1131; x_wconf 91' lang='lat' dir='ltr'>ae</span> 
     </span>
     <span class='ocr_line' id='line_1_8' title="bbox 136 1167 1069 1248; baseline 0.001 -18"><span class='ocrx_word' id='word_1_49' title='bbox 136 1190 244 1231; x_wconf 86' lang='lat' dir='ltr'>manus</span> <span class='ocrx_word' id='word_1_50' title='bbox 272 1168 475 1230; x_wconf 86' lang='lat' dir='ltr'>adducerent:</span> <span class='ocrx_word' id='word_1_51' title='bbox 499 1167 578 1248; x_wconf 92' lang='lat' dir='ltr'>quod</span> <span class='ocrx_word' id='word_1_52' title='bbox 609 1180 639 1228; x_wconf 92' lang='lat' dir='ltr'>et</span> <span class='ocrx_word' id='word_1_53' title='bbox 667 1169 741 1248; x_wconf 90' lang='lat' dir='ltr'>ipsis</span> <span class='ocrx_word' id='word_1_54' title='bbox 763 1181 913 1231; x_wconf 89' lang='lat' dir='ltr'>vetustate</span> <span class='ocrx_word' id='word_1_55' title='bbox 943 1169 1069 1231; x_wconf 91' lang='lat' dir='ltr'>militiae</span> 
     </span>
     <span class='ocr_line' id='line_1_9' title="bbox 136 1267 1069 1348; baseline 0.002 -18"><span class='ocrx_word' id='word_1_56' title='bbox 136 1271 343 1343; x_wconf 83' lang='lat' dir='ltr'>exercitatum,</span> <span class='ocrx_word' id='word_1_57' title='bbox 360 1281 389 1329; x_wconf 89' lang='lat' dir='ltr'>et</span> <span class='ocrx_word' id='word_1_58' title='bbox 405 1268 551 1329; x_wconf 84' lang='lat' dir='ltr'>hostibus-</span> <span class='ocrx_word' id='word_1_59' title='bbox 566 1267 697 1329; x_wconf 89' lang='lat' dir='ltr'>inhabile</span> <span class='ocrx_word' id='word_1_60' title='bbox 723 1290 814 1348; x_wconf 90' lang='lat' dir='ltr'>parva</span> <span class='ocrx_word' id='word_1_61' title='bbox 836 1281 923 1330; x_wconf 88' lang='lat' dir='ltr'>scuta</span> <span class='ocrx_word' id='word_1_62' title='bbox 938 1280 968 1330; x_wconf 91' lang='lat' dir='ltr'>et</span> <span class='ocrx_word' id='word_1_63' title='bbox 983 1290 1069 1332; x_wconf 92' lang='lat' dir='ltr'>enor-</span> 
     </span>
     <span class='ocr_line' id='line_1_10' title="bbox 135 1366 1069 1450; baseline 0.002 -21"><span class='ocrx_word' id='word_1_64' title='bbox 135 1390 201 1430; x_wconf 85' lang='lat' dir='ltr'>mes</span> <span class='ocrx_word' id='word_1_65' title='bbox 216 1368 333 1450; x_wconf 87' lang='lat' dir='ltr'>gladios</span> <span class='ocrx_word' id='word_1_66' title='bbox 355 1367 549 1450; x_wconf 85' lang='lat' dir='ltr'>gerentibus:</span> <span class='ocrx_word' id='word_1_67' title='bbox 574 1389 643 1428; x_wconf 91' lang='lat' dir='ltr'>nam</span> <span class='ocrx_word' id='word_1_68' title='bbox 666 1366 878 1430; x_wconf 89' lang='lat' dir='ltr'>Britannorum</span> <span class='ocrx_word' id='word_1_69' title='bbox 893 1368 986 1450; x_wconf 89' lang='lat' dir='ltr'>gladii</span> <span class='ocrx_word' id='word_1_70' title='bbox 1003 1371 1069 1431; x_wconf 90' lang='lat' dir='ltr'>sine</span> 
     </span>
     <span class='ocr_line' id='line_1_11' title="bbox 135 1468 1070 1552; baseline 0.001 -21"><span class='ocrx_word' id='word_1_71' title='bbox 135 1491 279 1531; x_wconf 91' lang='lat' dir='ltr'>mucrone</span> <span class='ocrx_word' id='word_1_72' title='bbox 302 1468 495 1548; x_wconf 80' lang='lat' dir='ltr'>complexum</span> <span class='ocrx_word' id='word_1_73' title='bbox 521 1489 672 1530; x_wconf 90' lang='lat' dir='ltr'>armorum</span> <span class='ocrx_word' id='word_1_74' title='bbox 696 1481 726 1529; x_wconf 90' lang='lat' dir='ltr'>et</span> <span class='ocrx_word' id='word_1_75' title='bbox 750 1469 780 1530; x_wconf 89' lang='lat' dir='ltr'>in</span> <span class='ocrx_word' id='word_1_76' title='bbox 806 1481 908 1548; x_wconf 90' lang='lat' dir='ltr'>aperto</span> <span class='ocrx_word' id='word_1_77' title='bbox 933 1491 1070 1552; x_wconf 91' lang='lat' dir='ltr'>pugnarn</span> 
     </span>
     <span class='ocr_line' id='line_1_12' title="bbox 136 1556 1069 1650; baseline 0.002 -19"><span class='ocrx_word' id='word_1_78' title='bbox 136 1592 194 1631; x_wconf 95' lang='lat' dir='ltr'>non</span> <span class='ocrx_word' id='word_1_79' title='bbox 209 1570 384 1632; x_wconf 88' lang='lat' dir='ltr'>tolerabant.</span> <span class='ocrx_word' id='word_1_80' title='bbox 430 1568 534 1650; x_wconf 87' lang='lat' dir='ltr'>Igitur,</span> <span class='ocrx_word' id='word_1_81' title='bbox 550 1580 585 1629; x_wconf 92' lang='lat' dir='ltr'>ut</span> <span class='ocrx_word' id='word_1_82' title='bbox 600 1556 706 1629; x_wconf 86' lang='lat' dir='ltr'>Batavi</span> <span class='ocrx_word' id='word_1_83' title='bbox 729 1569 858 1630; x_wconf 90' lang='lat' dir='ltr'>miscere</span> <span class='ocrx_word' id='word_1_84' title='bbox 873 1570 963 1643; x_wconf 78' lang='lat' dir='ltr'>ietuS,</span> <span class='ocrx_word' id='word_1_85' title='bbox 979 1568 1069 1633; x_wconf 89' lang='lat' dir='ltr'>ferire</span> 
     </span>
     <span class='ocr_line' id='line_1_13' title="bbox 135 1669 1068 1751; baseline 0.001 -20"><span class='ocrx_word' id='word_1_86' title='bbox 135 1670 329 1748; x_wconf 84' lang='lat' dir='ltr'>umbonibus,</span> <span class='ocrx_word' id='word_1_87' title='bbox 346 1691 397 1730; x_wconf 90' lang='lat' dir='ltr'>ora</span> <span class='ocrx_word' id='word_1_88' title='bbox 418 1669 549 1743; x_wconf 86' lang='lat' dir='ltr'>foedare,</span> <span class='ocrx_word' id='word_1_89' title='bbox 567 1681 597 1730; x_wconf 89' lang='lat' dir='ltr'>et</span> <span class='ocrx_word' id='word_1_90' title='bbox 619 1670 719 1730; x_wconf 89' lang='lat' dir='ltr'>stratis</span> <span class='ocrx_word' id='word_1_91' title='bbox 741 1670 793 1751; x_wconf 91' lang='lat' dir='ltr'>qui</span> <span class='ocrx_word' id='word_1_92' title='bbox 809 1671 953 1751; x_wconf 73' lang='lat' dir='ltr'>imaeque</span> <span class='ocrx_word' id='word_1_93' title='bbox 976 1671 1068 1732; x_wconf 90' lang='lat' dir='ltr'>obsti-</span> 
     </span>
     <span class='ocr_line' id='line_1_14' title="bbox 135 1770 1068 1850; baseline 0.002 -19"><span class='ocrx_word' id='word_1_94' title='bbox 135 1781 241 1841; x_wconf 87' lang='lat' dir='ltr'>terant,</span> <span class='ocrx_word' id='word_1_95' title='bbox 258 1770 372 1850; x_wconf 86' lang='lat' dir='ltr'>erigere</span> <span class='ocrx_word' id='word_1_96' title='bbox 389 1770 418 1830; x_wconf 92' lang='lat' dir='ltr'>in</span> <span class='ocrx_word' id='word_1_97' title='bbox 434 1770 527 1831; x_wconf 84' lang='lat' dir='ltr'>colles</span> <span class='ocrx_word' id='word_1_98' title='bbox 550 1770 648 1831; x_wconf 88' lang='lat' dir='ltr'>aciem</span> <span class='ocrx_word' id='word_1_99' title='bbox 672 1790 809 1849; x_wconf 89' lang='lat' dir='ltr'>coepere,</span> <span class='ocrx_word' id='word_1_100' title='bbox 825 1783 944 1832; x_wconf 88' lang='lat' dir='ltr'>ceterae</span> <span class='ocrx_word' id='word_1_101' title='bbox 963 1772 1068 1834; x_wconf 91' lang='lat' dir='ltr'>cohor-</span> 
     </span>
     <span class='ocr_line' id='line_1_15' title="bbox 135 1869 1068 1951; baseline 0.002 -20"><span class='ocrx_word' id='word_1_102' title='bbox 135 1883 191 1942; x_wconf 88' lang='lat' dir='ltr'>tes,</span> <span class='ocrx_word' id='word_1_103' title='bbox 229 1869 429 1931; x_wconf 85' lang='lat' dir='ltr'>aemulatione</span> <span class='ocrx_word' id='word_1_104' title='bbox 466 1883 496 1930; x_wconf 91' lang='lat' dir='ltr'>et</span> <span class='ocrx_word' id='word_1_105' title='bbox 531 1872 645 1950; x_wconf 88' lang='lat' dir='ltr'>impetu</span> <span class='ocrx_word' id='word_1_106' title='bbox 690 1871 878 1943; x_wconf 86' lang='lat' dir='ltr'>commistae,</span> <span class='ocrx_word' id='word_1_107' title='bbox 915 1873 1068 1951; x_wconf 82' lang='lat' dir='ltr'>proximos</span> 
     </span>
     <span class='ocr_line' id='line_1_16' title="bbox 135 1968 1068 2055; baseline 0.003 -24"><span class='ocrx_word' id='word_1_108' title='bbox 135 1990 273 2052; x_wconf 91' lang='lat' dir='ltr'>quosque</span> <span class='ocrx_word' id='word_1_109' title='bbox 296 1968 445 2043; x_wconf 89' lang='lat' dir='ltr'>caedere;</span> <span class='ocrx_word' id='word_1_110' title='bbox 469 1992 504 2032; x_wconf 92' lang='lat' dir='ltr'>ac</span> <span class='ocrx_word' id='word_1_111' title='bbox 526 1970 662 2052; x_wconf 89' lang='lat' dir='ltr'>plerique</span> <span class='ocrx_word' id='word_1_112' title='bbox 686 1971 855 2032; x_wconf 90' lang='lat' dir='ltr'>semineces</span> <span class='ocrx_word' id='word_1_113' title='bbox 878 1983 931 2033; x_wconf 93' lang='lat' dir='ltr'>aut</span> <span class='ocrx_word' id='word_1_114' title='bbox 959 1973 1068 2055; x_wconf 87' lang='lat' dir='ltr'>integri</span> 
     </span>
     <span class='ocr_line' id='line_1_17' title="bbox 135 2070 1068 2154; baseline 0.002 -22"><span class='ocrx_word' id='word_1_115' title='bbox 135 2070 325 2132; x_wconf 84' lang='lat' dir='ltr'>festinatione</span> <span class='ocrx_word' id='word_1_116' title='bbox 354 2071 496 2131; x_wconf 86' lang='lat' dir='ltr'>victoriae</span> <span class='ocrx_word' id='word_1_117' title='bbox 529 2070 784 2152; x_wconf 88' lang='lat' dir='ltr'>relinquebantur.</span> <span class='ocrx_word' id='word_1_118' title='bbox 829 2070 954 2133; x_wconf 85' lang='lat' dir='ltr'>Interim</span> <span class='ocrx_word' id='word_1_119' title='bbox 983 2075 1068 2154; x_wconf 90' lang='lat' dir='ltr'>equi·</span> 
     </span>
     <span class='ocr_line' id='line_1_18' title="bbox 135 2170 1069 2256; baseline 0.002 -24"><span class='ocrx_word' id='word_1_120' title='bbox 135 2184 198 2232; x_wconf 89' lang='lat' dir='ltr'>turn</span> <span class='ocrx_word' id='word_1_121' title='bbox 235 2184 353 2232; x_wconf 88' lang='lat' dir='ltr'>turmae</span> <span class='ocrx_word' id='word_1_122' title='bbox 381 2170 497 2253; x_wconf 87' lang='lat' dir='ltr'>fugere,</span> <span class='ocrx_word' id='word_1_123' title='bbox 532 2172 674 2232; x_wconf 85' lang='lat' dir='ltr'>covinarii</span> <span class='ocrx_word' id='word_1_124' title='bbox 711 2170 847 2255; x_wconf 89' lang='lat' dir='ltr'>peditum</span> <span class='ocrx_word' id='word_1_125' title='bbox 883 2193 917 2233; x_wconf 90' lang='lat' dir='ltr'>se</span> <span class='ocrx_word' id='word_1_126' title='bbox 953 2173 1069 2256; x_wconf 91' lang='lat' dir='ltr'>proelio</span> 
     </span>
     <span class='ocr_line' id='line_1_19' title="bbox 134 2273 1068 2354; baseline 0.002 -21"><span class='ocrx_word' id='word_1_127' title='bbox 134 2273 308 2333; x_wconf 87' lang='lat' dir='ltr'>miscuere:</span> <span class='ocrx_word' id='word_1_128' title='bbox 347 2284 385 2345; x_wconf 92' lang='lat' dir='ltr'>et,</span> <span class='ocrx_word' id='word_1_129' title='bbox 416 2292 589 2354; x_wconf 89' lang='lat' dir='ltr'>quanquam</span> <span class='ocrx_word' id='word_1_130' title='bbox 621 2283 773 2333; x_wconf 89' lang='lat' dir='ltr'>recentem</span> <span class='ocrx_word' id='word_1_131' title='bbox 811 2284 954 2334; x_wconf 89' lang='lat' dir='ltr'>terrorem</span> <span class='ocrx_word' id='word_1_132' title='bbox 990 2275 1068 2335; x_wconf 90' lang='lat' dir='ltr'>intu-</span> 
     </span>
     <span class='ocr_line' id='line_1_20' title="bbox 134 2371 1068 2455; baseline 0.001 -21"><span class='ocrx_word' id='word_1_133' title='bbox 134 2372 239 2446; x_wconf 89' lang='lat' dir='ltr'>lerant,</span> <span class='ocrx_word' id='word_1_134' title='bbox 255 2372 357 2433; x_wconf 88' lang='lat' dir='ltr'>densis</span> <span class='ocrx_word' id='word_1_135' title='bbox 380 2385 481 2433; x_wconf 90' lang='lat' dir='ltr'>tamen</span> <span class='ocrx_word' id='word_1_136' title='bbox 504 2371 637 2434; x_wconf 90' lang='lat' dir='ltr'>hostium</span> <span class='ocrx_word' id='word_1_137' title='bbox 660 2372 832 2453; x_wconf 90' lang='lat' dir='ltr'>agminibus</span> <span class='ocrx_word' id='word_1_138' title='bbox 856 2383 886 2434; x_wconf 91' lang='lat' dir='ltr'>et</span> <span class='ocrx_word' id='word_1_139' title='bbox 903 2373 1068 2455; x_wconf 89' lang='lat' dir='ltr'>inaequali·</span> 
     </span>
     <span class='ocr_line' id='line_1_21' title="bbox 134 2471 1067 2556; baseline 0.002 -24"><span class='ocrx_word' id='word_1_140' title='bbox 134 2472 192 2534; x_wconf 90' lang='lat' dir='ltr'>bus</span> <span class='ocrx_word' id='word_1_141' title='bbox 216 2473 291 2534; x_wconf 92' lang='lat' dir='ltr'>locis</span> <span class='ocrx_word' id='word_1_142' title='bbox 314 2471 493 2533; x_wconf 87' lang='lat' dir='ltr'>haerebant:</span> <span class='ocrx_word' id='word_1_143' title='bbox 518 2472 703 2552; x_wconf 90' lang='lat' dir='ltr'>minimeque</span> <span class='ocrx_word' id='word_1_144' title='bbox 727 2472 876 2552; x_wconf 91' lang='lat' dir='ltr'>equestris</span> <span class='ocrx_word' id='word_1_145' title='bbox 892 2492 929 2533; x_wconf 89' lang='lat' dir='ltr'>ea</span> <span class='ocrx_word' id='word_1_146' title='bbox 947 2493 1067 2556; x_wconf 87' lang='lat' dir='ltr'>pugnae</span> 
     </span>
     <span class='ocr_line' id='line_1_22' title="bbox 135 2570 1069 2653; baseline 0 -20"><span class='ocrx_word' id='word_1_147' title='bbox 135 2571 229 2633; x_wconf 83' lang='lat' dir='ltr'>facies</span> <span class='ocrx_word' id='word_1_148' title='bbox 245 2585 316 2645; x_wconf 90' lang='lat' dir='ltr'>erat,</span> <span class='ocrx_word' id='word_1_149' title='bbox 333 2593 402 2632; x_wconf 89' lang='lat' dir='ltr'>cum</span> <span class='ocrx_word' id='word_1_150' title='bbox 418 2591 507 2652; x_wconf 88' lang='lat' dir='ltr'>aegre</span> <span class='ocrx_word' id='word_1_151' title='bbox 523 2570 574 2632; x_wconf 91' lang='lat' dir='ltr'>diu</span> <span class='ocrx_word' id='word_1_152' title='bbox 598 2583 710 2631; x_wconf 89' lang='lat' dir='ltr'>stantes</span> <span class='ocrx_word' id='word_1_153' title='bbox 727 2571 818 2632; x_wconf 90' lang='lat' dir='ltr'>simul</span> <span class='ocrx_word' id='word_1_154' title='bbox 841 2592 988 2653; x_wconf 90' lang='lat' dir='ltr'>equorum</span> <span class='ocrx_word' id='word_1_155' title='bbox 1004 2593 1069 2633; x_wconf 91' lang='lat' dir='ltr'>cor·</span> 
     </span>
     <span class='ocr_line' id='line_1_23' title="bbox 134 2671 1068 2751; baseline 0.001 -19"><span class='ocrx_word' id='word_1_156' title='bbox 134 2672 258 2750; x_wconf 88' lang='lat' dir='ltr'>poribus</span> <span class='ocrx_word' id='word_1_157' title='bbox 282 2671 513 2750; x_wconf 85' lang='lat' dir='ltr'>impellerentur,</span> <span class='ocrx_word' id='word_1_158' title='bbox 531 2690 566 2730; x_wconf 90' lang='lat' dir='ltr'>ac</span> <span class='ocrx_word' id='word_1_159' title='bbox 589 2691 680 2749; x_wconf 87' lang='lat' dir='ltr'>saepe</span> <span class='ocrx_word' id='word_1_160' title='bbox 702 2671 772 2751; x_wconf 81' lang='lat' dir='ltr'>vagi</span> <span class='ocrx_word' id='word_1_161' title='bbox 795 2691 911 2744; x_wconf 89' lang='lat' dir='ltr'>currus,</span> <span class='ocrx_word' id='word_1_162' title='bbox 936 2673 1068 2733; x_wconf 81' lang='lat' dir='ltr'>exterriti</span> 
     </span>
     <span class='ocr_line' id='line_1_24' title="bbox 137 2768 1069 2852; baseline 0.001 -20"><span class='ocrx_word' id='word_1_163' title='bbox 137 2773 201 2833; x_wconf 89' lang='lat' dir='ltr'>sine</span> <span class='ocrx_word' id='word_1_164' title='bbox 238 2771 405 2833; x_wconf 89' lang='lat' dir='ltr'>rectoribus</span> <span class='ocrx_word' id='word_1_165' title='bbox 440 2771 519 2852; x_wconf 90' lang='lat' dir='ltr'>equi,</span> <span class='ocrx_word' id='word_1_166' title='bbox 550 2782 583 2830; x_wconf 90' lang='lat' dir='ltr'>ut</span> <span class='ocrx_word' id='word_1_167' title='bbox 611 2791 764 2851; x_wconf 90' lang='lat' dir='ltr'>quemque</span> <span class='ocrx_word' id='word_1_168' title='bbox 794 2768 922 2832; x_wconf 89' lang='lat' dir='ltr'>formido</span> <span class='ocrx_word' id='word_1_169' title='bbox 950 2770 1069 2843; x_wconf 79' lang='lat' dir='ltr'>tulerat,</span> 
     </span>
     <span class='ocr_line' id='line_1_25' title="bbox 136 2869 730 2933; baseline 0.003 -3"><span class='ocrx_word' id='word_1_170' title='bbox 136 2886 323 2933; x_wconf 88' lang='lat' dir='ltr'>transversos</span> <span class='ocrx_word' id='word_1_171' title='bbox 339 2885 391 2932; x_wconf 91' lang='lat' dir='ltr'>aut</span> <span class='ocrx_word' id='word_1_172' title='bbox 406 2871 511 2932; x_wconf 89' lang='lat' dir='ltr'>obvios</span> <span class='ocrx_word' id='word_1_173' title='bbox 527 2869 730 2932; x_wconf 80' lang='lat' dir='ltr'>incursabant.</span> 
     </span>
    </p>

    <p class='ocr_par' dir='ltr' id='par_1_3' title="bbox 134 2966 1077 3853">
     <span class='ocr_line' id='line_1_26' title="bbox 177 2966 1069 3054; baseline 0.011 -29"><span class='ocrx_word' id='word_1_174' title='bbox 177 2966 334 3028; x_wconf 89' lang='lat' dir='ltr'>XXXVII.</span> <span class='ocrx_word' id='word_1_175' title='bbox 358 2969 400 3031; x_wconf 91' lang='lat' dir='ltr'>Et</span> <span class='ocrx_word' id='word_1_176' title='bbox 422 2970 566 3044; x_wconf 87' lang='lat' dir='ltr'>Britanni,</span> <span class='ocrx_word' id='word_1_177' title='bbox 590 2972 641 3052; x_wconf 92' lang='lat' dir='ltr'>qui</span> <span class='ocrx_word' id='word_1_178' title='bbox 665 2970 764 3033; x_wconf 90' lang='lat' dir='ltr'>adhuc</span> <span class='ocrx_word' id='word_1_179' title='bbox 785 2993 906 3054; x_wconf 88' lang='lat' dir='ltr'>pugnae</span> <span class='ocrx_word' id='word_1_180' title='bbox 929 2986 1069 3052; x_wconf 83' lang='lat' dir='ltr'>expertes</span> 
     </span>
     <span class='ocr_line' id='line_1_27' title="bbox 138 3069 1069 3154; baseline 0.006 -23"><span class='ocrx_word' id='word_1_181' title='bbox 138 3091 257 3131; x_wconf 88' lang='lat' dir='ltr'>summa</span> <span class='ocrx_word' id='word_1_182' title='bbox 280 3069 403 3131; x_wconf 89' lang='lat' dir='ltr'>collium</span> <span class='ocrx_word' id='word_1_183' title='bbox 434 3071 605 3133; x_wconf 86' lang='lat' dir='ltr'>insederant</span> <span class='ocrx_word' id='word_1_184' title='bbox 633 3084 663 3133; x_wconf 92' lang='lat' dir='ltr'>et</span> <span class='ocrx_word' id='word_1_185' title='bbox 691 3073 876 3154; x_wconf 88' lang='lat' dir='ltr'>paucitatem</span> <span class='ocrx_word' id='word_1_186' title='bbox 899 3087 1069 3137; x_wconf 90' lang='lat' dir='ltr'>nostrorum</span> 
     </span>
     <span class='ocr_line' id='line_1_28' title="bbox 135 3169 1070 3257; baseline 0.004 -25"><span class='ocrx_word' id='word_1_187' title='bbox 135 3171 224 3232; x_wconf 89' lang='lat' dir='ltr'>vacui</span> <span class='ocrx_word' id='word_1_188' title='bbox 247 3170 437 3254; x_wconf 86' lang='lat' dir='ltr'>spernebant,</span> <span class='ocrx_word' id='word_1_189' title='bbox 453 3169 577 3252; x_wconf 89' lang='lat' dir='ltr'>degredi</span> <span class='ocrx_word' id='word_1_190' title='bbox 600 3172 745 3254; x_wconf 87' lang='lat' dir='ltr'>paulatim</span> <span class='ocrx_word' id='word_1_191' title='bbox 761 3187 791 3234; x_wconf 93' lang='lat' dir='ltr'>et</span> <span class='ocrx_word' id='word_1_192' title='bbox 805 3174 965 3235; x_wconf 91' lang='lat' dir='ltr'>circumire</span> <span class='ocrx_word' id='word_1_193' title='bbox 985 3187 1070 3257; x_wconf 90' lang='lat' dir='ltr'>terga</span> 
     </span>
     <span class='ocr_line' id='line_1_29' title="bbox 136 3271 1069 3355; baseline 0.005 -24"><span class='ocrx_word' id='word_1_194' title='bbox 136 3271 321 3331; x_wconf 90' lang='lat' dir='ltr'>vincentium</span> <span class='ocrx_word' id='word_1_195' title='bbox 344 3283 525 3350; x_wconf 89' lang='lat' dir='ltr'>coeperant:</span> <span class='ocrx_word' id='word_1_196' title='bbox 550 3273 580 3333; x_wconf 90' lang='lat' dir='ltr'>ni</span> <span class='ocrx_word' id='word_1_197' title='bbox 603 3271 632 3334; x_wconf 96' lang='lat' dir='ltr'>id</span> <span class='ocrx_word' id='word_1_198' title='bbox 656 3273 756 3351; x_wconf 92' lang='lat' dir='ltr'>ipsum</span> <span class='ocrx_word' id='word_1_199' title='bbox 778 3274 892 3334; x_wconf 84' lang='lat' dir='ltr'>veritus</span> <span class='ocrx_word' id='word_1_200' title='bbox 915 3274 1069 3355; x_wconf 88' lang='lat' dir='ltr'>Agricola,</span> 
     </span>
     <span class='ocr_line' id='line_1_30' title="bbox 136 3364 1077 3452; baseline 0.002 -20"><span class='ocrx_word' id='word_1_201' title='bbox 136 3383 264 3452; x_wconf 90' lang='lat' dir='ltr'>quatuor</span> <span class='ocrx_word' id='word_1_202' title='bbox 280 3372 416 3452; x_wconf 89' lang='lat' dir='ltr'>equitum</span> <span class='ocrx_word' id='word_1_203' title='bbox 432 3371 505 3446; x_wconf 80' lang='lat' dir='ltr'>alae,</span> <span class='ocrx_word' id='word_1_204' title='bbox 522 3372 560 3433; x_wconf 91' lang='lat' dir='ltr'>ad</span> <span class='ocrx_word' id='word_1_205' title='bbox 582 3373 682 3433; x_wconf 87' lang='lat' dir='ltr'>subita</span> <span class='ocrx_word' id='word_1_206' title='bbox 701 3371 773 3433; x_wconf 92' lang='lat' dir='ltr'>belli</span> <span class='ocrx_word' id='word_1_207' title='bbox 788 3384 930 3446; x_wconf 89' lang='lat' dir='ltr'>retentas,</span> <span class='ocrx_word' id='word_1_208' title='bbox 948 3364 1077 3435; x_wconf 35' lang='lat' dir='ltr'>venien·⁸</span> 
     </span>
     <span class='ocr_line' id='line_1_31' title="bbox 135 3471 1069 3553; baseline 0.003 -22"><span class='ocrx_word' id='word_1_209' title='bbox 135 3471 217 3532; x_wconf 91' lang='lat' dir='ltr'>tibus</span> <span class='ocrx_word' id='word_1_210' title='bbox 254 3471 454 3549; x_wconf 89' lang='lat' dir='ltr'>opposuisset,</span> <span class='ocrx_word' id='word_1_211' title='bbox 489 3484 662 3553; x_wconf 88' lang='lat' dir='ltr'>quantoque</span> <span class='ocrx_word' id='word_1_212' title='bbox 698 3471 830 3532; x_wconf 87' lang='lat' dir='ltr'>ferocius</span> <span class='ocrx_word' id='word_1_213' title='bbox 867 3487 1069 3547; x_wconf 89' lang='lat' dir='ltr'>accurrerant,</span> 
     </span>
     <span class='ocr_line' id='line_1_32' title="bbox 135 3570 1070 3653; baseline 0.002 -21"><span class='ocrx_word' id='word_1_214' title='bbox 135 3584 217 3632; x_wconf 92' lang='lat' dir='ltr'>tanto</span> <span class='ocrx_word' id='word_1_215' title='bbox 246 3573 346 3632; x_wconf 88' lang='lat' dir='ltr'>acrius</span> <span class='ocrx_word' id='word_1_216' title='bbox 375 3570 480 3652; x_wconf 92' lang='lat' dir='ltr'>pulsos</span> <span class='ocrx_word' id='word_1_217' title='bbox 510 3573 540 3632; x_wconf 92' lang='lat' dir='ltr'>in</span> <span class='ocrx_word' id='word_1_218' title='bbox 569 3570 672 3652; x_wconf 86' lang='lat' dir='ltr'>fugam</span> <span class='ocrx_word' id='word_1_219' title='bbox 698 3570 879 3653; x_wconf 87' lang='lat' dir='ltr'>disjecisset.</span> <span class='ocrx_word' id='word_1_220' title='bbox 925 3571 970 3634; x_wconf 92' lang='lat' dir='ltr'>Ita</span> <span class='ocrx_word' id='word_1_221' title='bbox 999 3594 1070 3634; x_wconf 92' lang='lat' dir='ltr'>con-</span> 
     </span>
     <span class='ocr_line' id='line_1_33' title="bbox 136 3670 1070 3755; baseline 0.002 -22"><span class='ocrx_word' id='word_1_222' title='bbox 136 3671 238 3738; x_wconf 90' lang='lat' dir='ltr'>silium</span> <span class='ocrx_word' id='word_1_223' title='bbox 261 3670 473 3733; x_wconf 90' lang='lat' dir='ltr'>Britannorum</span> <span class='ocrx_word' id='word_1_224' title='bbox 495 3672 526 3732; x_wconf 92' lang='lat' dir='ltr'>in</span> <span class='ocrx_word' id='word_1_225' title='bbox 548 3672 632 3754; x_wconf 92' lang='lat' dir='ltr'>ipsos</span> <span class='ocrx_word' id='word_1_226' title='bbox 653 3692 796 3733; x_wconf 84' lang='lat' dir='ltr'>versum:</span> <span class='ocrx_word' id='word_1_227' title='bbox 819 3684 1070 3755; x_wconf 90' lang='lat' dir='ltr'>transvectaeque</span> 
     </span>
     <span class='ocr_line' id='line_1_34' title="bbox 134 3768 1071 3853; baseline 0.003 -21"><span class='ocrx_word' id='word_1_228' title='bbox 134 3785 296 3851; x_wconf 88' lang='lat' dir='ltr'>praecepto</span> <span class='ocrx_word' id='word_1_229' title='bbox 317 3770 405 3833; x_wconf 91' lang='lat' dir='ltr'>ducis</span> <span class='ocrx_word' id='word_1_230' title='bbox 431 3792 450 3832; x_wconf 91' lang='lat' dir='ltr'>a</span> <span class='ocrx_word' id='word_1_231' title='bbox 476 3768 573 3833; x_wconf 86' lang='lat' dir='ltr'>fronte</span> <span class='ocrx_word' id='word_1_232' title='bbox 602 3772 803 3853; x_wconf 88' lang='lat' dir='ltr'>pugnantium</span> <span class='ocrx_word' id='word_1_233' title='bbox 832 3772 908 3847; x_wconf 90' lang='lat' dir='ltr'>alae,</span> <span class='ocrx_word' id='word_1_234' title='bbox 931 3793 1071 3835; x_wconf 87' lang='lat' dir='ltr'>aversam</span> 
     </span>
    </p>
   </div>
   <div class='ocr_carea' id='block_1_3' title="bbox 0 0 1216 4388">
    <p class='ocr_par' dir='ltr' id='par_1_4' title="bbox 0 0 1216 4388">
     <span class='ocr_line' id='line_1_35' title="bbox 0 0 1216 4388; baseline 0 0"><span class='ocrx_word' id='word_1_235' title='bbox 0 0 1216 4388; x_wconf 95' lang='lat' dir='ltr'> </span> 
     </span>
    </p>
   </div>
  </div>
 </body>
</html>
