2424 4388
481 399 651 443 aoalcom.
996 385 1038 443 65

99 557 182 628 gate.
226 544 254 608 li
280 559 359 620 sunt,
383 566 460 627 quos
487 548 625 625 proximo
653 567 741 620 auno,
765 568 856 608 unam
884 545 1037 628 legionem

99 645 181 707 furto
203 647 301 708 noctis
324 666 495 728 aggressos,
512 646 644 707 clamore
659 646 854 708 debellastis:
879 647 898 708 ii
922 659 1036 708 cetero·

98 767 169 809 rum
184 744 398 807 Britannorum
420 745 623 827 fugacissimi,
639 746 768 828 ideoque
784 746 912 809 tamdiu
932 768 1037 826 super·

101 847 200 907 stites.
266 843 428 917 Quomodo
471 845 563 906 silvas
607 845 763 927 saltusque
810 847 1036 929 penetrantibus

99 944 302 1007 fortissimum
325 944 467 1026 quodque
496 943 607 1005 animal
630 958 852 1019 contremere,
875 945 983 1025 pavida
1006 958 1037 1008 et

100 1045 209 1106 inertia
243 1046 312 1128 ipso
346 1045 477 1125 agminis
515 1066 589 1105 sono
623 1044 785 1124 pelluntur,
820 1047 865 1106 sic
897 1047 1035 1108 acerrimi

100 1143 317 1207 Britannorum
348 1144 412 1227 jam
441 1144 558 1224 pridem
587 1144 787 1208 ceciderunt:
824 1146 959 1228 reliquus
990 1159 1037 1210 est

100 1265 248 1306 numerus
270 1246 450 1327 ignavorum
472 1259 502 1308 et
523 1247 746 1318 metuentium;
770 1266 848 1326 quos
870 1246 951 1327 quod
973 1259 1036 1307 tan·

99 1344 170 1406 dem
195 1345 363 1418 invenistis,
379 1367 438 1406 non
460 1347 642 1419 restiterunt,
666 1345 720 1406 sed
742 1344 923 1428 deprehensi
946 1356 1034 1406 sunt:

99 1445 284 1506 novissimae
320 1466 370 1506 res
399 1458 429 1507 et
457 1459 591 1506 extremo
628 1458 711 1507 metu
748 1466 871 1524 corpora
904 1445 1036 1508 defixere

100 1545 200 1605 aciem
222 1545 252 1605 in
274 1543 323 1605 his
352 1546 500 1627 vestigiis,
524 1546 554 1606 in
576 1545 688 1626 quibus
717 1544 874 1624 pulchram
897 1558 927 1607 et
949 1568 1036 1626 spec·

99 1644 224 1706 tabilem
247 1645 406 1706 victoriam
434 1644 575 1707 ederetis.
620 1644 794 1728 Transigite
821 1667 891 1708 cum
914 1647 1036 1726 expedi-

99 1744 253 1806 tionibus:
277 1744 421 1824 imponite
437 1746 655 1828 quinquaginta
669 1748 755 1807 anuis
770 1768 916 1828 magnum
930 1746 1012 1808 diem
1026 1769 1033 1808 :

100 1845 265 1928 approbate
300 1844 484 1924 reipublicae
521 1866 675 1926 nunquam
712 1847 857 1907 exercitui
894 1847 1035 1927 imputari

98 1945 237 2026 potuisse
252 1957 305 2006 aut
319 1966 418 2007 moras
433 1944 506 2006 belli
521 1958 574 2007 aut
588 1967 697 2007 causas
713 1947 909 2010 rebellandi.’'

142 2041 272 2108 XXXV.
303 2044 345 2108 Et
378 2044 550 2128 alloquente
584 2045 683 2108 adhuc
717 2048 869 2129 Agricola,
904 2049 1036 2111 militum

99 2146 189 2209 ardor
217 2147 379 2222 eminebat,
410 2159 440 2208 et
467 2148 561 2209 finem
591 2150 731 2210 orationis
761 2150 868 2231 ingens
897 2149 1036 2210 alacritas

100 2260 266 2310 consecuta
280 2259 337 2322 est,
353 2248 515 2330 statimque
531 2248 569 2310 ad
584 2270 667 2310 arma
681 2249 865 2310 discursum.
908 2248 1036 2310 Instinc-

100 2363 148 2411 tos
170 2361 355 2430 ruentesque
378 2348 419 2410 itu
436 2348 595 2428 disposuit,
611 2361 645 2410 ut
659 2348 798 2432 peditum
820 2349 941 2422 auxilia,
958 2369 1036 2429 quae
1093 2381 1097 2389 ·

101 2461 171 2510 octo
198 2447 294 2510 millia
316 2459 409 2523 erant,
432 2448 565 2510 mediam
587 2450 685 2510 aciem
707 2449 869 2522 firmarent,
900 2449 1038 2529 equitum

100 2550 158 2610 tria
179 2547 274 2610 millia
296 2547 438 2610 comibus
460 2548 705 2610 effunderentur:
729 2549 865 2630 legiones
887 2547 1038 2627 provallo

101 2660 223 2718 stetere,
246 2651 353 2730 ingens
378 2649 521 2711 victoriae
544 2648 639 2710 decus
666 2649 741 2709 citra
765 2648 941 2709 Romanum
970 2669 1038 2708 san·

101 2751 228 2832 guinem
242 2749 376 2824 bellanti,
399 2762 429 2814 et
450 2749 609 2823 auxilium,
631 2751 656 2810 si
682 2748 875 2831 pellerentur.
920 2746 1038 2809 Britan-

101 2870 211 2910 norum
226 2850 318 2923 acieS,
334 2849 365 2909 in
381 2849 516 2928 speciem
532 2847 674 2912 simulac
690 2859 843 2920 terrorem,
861 2845 1038 2909 editioribus

103 2948 180 3011 locis
203 2950 377 3011 constiterat
398 2950 449 3024 ita,
473 2960 507 3011 ut
527 2949 660 3032 primum
686 2969 794 3031 agmen
820 2969 928 3029 aequo,
945 2949 1038 3010 ceteri

102 3070 158 3132 per
179 3048 293 3111 acclive
316 3049 426 3132 jugum
449 3049 576 3110 connexi
599 3049 682 3111 velut
703 3050 913 3130 insurgerent:
938 3049 1039 3110 media

104 3149 204 3228 campi
227 3149 397 3210 covinarius
420 3160 451 3210 et
476 3168 572 3229 eques
600 3149 725 3231 strepitu
741 3169 777 3209 ac
792 3148 933 3209 discursu
956 3171 1038 3210 com-

103 3248 216 3328 plebat.
259 3246 344 3310 Tum
360 3247 503 3330 Agricola
522 3262 682 3327 superante
699 3248 832 3310 hostium
847 3249 1038 3310 multitudine

102 3350 227 3424 veritus,
243 3369 282 3409 ne
305 3347 397 3409 simul
419 3349 450 3409 in
472 3346 610 3421 frontem,
627 3348 718 3409 simul
740 3360 770 3408 ct
796 3348 889 3409 latera
913 3369 1039 3410 suorum

102 3461 297 3530 pugnaretur,
321 3448 453 3510 diductis
483 3447 647 3522 ordinibus,
674 3468 848 3530 quanquam
876 3449 1040 3528 porrectior

103 3550 185 3609 acies
214 3548 316 3610 sutura
347 3561 410 3610 erat
439 3561 469 3610 et
497 3547 694 3609 arcessendas
730 3548 866 3629 plerique
902 3548 1040 3628 legiones

103 3647 314 3724 admonebant,
337 3649 502 3728 promptior
529 3649 561 3709 in
590 3665 677 3728 spem
705 3663 734 3709 et
757 3648 864 3709 firmus
893 3644 1039 3718 adversis,

103 3747 232 3811 dimisso
246 3770 325 3833 equo
339 3749 434 3831 pedes
447 3759 515 3812 ante
530 3748 641 3811 vexilla
655 3747 800 3810 constitit.
