2424 4388
139 428 180 486 tt)
449 439 478 482 c.
502 439 598 482 cocu.
622 437 758 484 suerrus

136 579 264 662 cipuum
285 577 456 660 flagitium;
480 599 537 640 nec
563 589 616 640 aut
639 578 733 641 sacris
754 578 874 653 adesse,
896 591 950 642 aut
972 581 1078 644 conci-

135 677 212 740 lium
239 678 324 774 inire,
367 678 568 760 ignominioso
604 678 676 754 fas3
713 679 863 761 multique
893 684 1076 761 superstites

135 776 284 838 bellorum
300 777 455 839 infamiam
471 777 581 859 laqueo
595 777 747 839 finierunt.

178 875 251 938 VlI.
275 876 381 959 Reges
405 899 443 939 ex
466 878 632 950 nobilitate,
648 877 742 940 duces
757 900 796 940 ex
809 880 920 941 virtute
937 895 1073 944 sumunt.

136 975 206 1039 Nec
220 977 344 1059 regibus
360 977 475 1039 infinita
496 990 548 1039 aut
569 978 665 1040 libera
685 991 840 1057 potestas:
865 990 897 1041 et
909 979 1007 1043 duces
1023 1002 1075 1043 ex·

137 1078 237 1160 emplo
252 1079 362 1157 potius,
379 1099 471 1159 quam
489 1079 637 1157 imperi03
661 1080 685 1139 si
703 1081 843 1162 prompti,
861 1081 887 1142 si
902 1082 1073 1164 conspicui,
1125 1066 1127 1070 ⁵

137 1179 162 1239 si
177 1190 246 1239 ante
269 1179 366 1240 aciem
388 1190 488 1261 agant,
504 1178 701 1240 admiratione
724 1192 879 1262 praesunt.
925 1179 1086 1265 Ceterum,

136 1299 235 1362 neque
272 1279 511 1340 animadvertere
548 1299 648 1359 neque
684 1280 808 1352 vincire,
839 1300 877 1340 ne
913 1280 1074 1343 verberare

136 1381 270 1463 quidem,
297 1381 354 1442 nisi
380 1378 587 1441 sacerdotibus
615 1380 822 1462 permissum;
847 1402 905 1441 uon
931 1383 1020 1462 quasi
1043 1383 1075 1444 in

135 1501 274 1560 poenam,
301 1500 359 1541 nec
380 1479 468 1540 ducis
494 1479 594 1561 jussu,
622 1479 676 1540 sed
702 1479 787 1541 velut
809 1481 868 1542 deo
891 1482 1072 1559 imperante,

136 1603 228 1663 quem
243 1581 352 1642 adesse
369 1579 552 1640 bellantibus
569 1580 716 1641 credunt:
741 1579 923 1663 effigiesque
939 1594 969 1642 et
986 1583 1075 1664 signa

136 1680 296 1762 quaedam,
321 1679 455 1740 detracta
477 1679 565 1753 lucis,
590 1681 620 1741 in
646 1681 793 1759 proelium
812 1679 921 1742 ierunt.
966 1680 1075 1754 Quod-

136 1801 196 1862 que
225 1780 424 1859 praecipuum
453 1779 637 1842 fortitudinis
667 1782 898 1843 incitamentum
927 1794 984 1856 est,
1013 1803 1076 1844 non

136 1901 227 1942 casus
256 1901 313 1941 nec
341 1879 463 1942 fortuita
488 1881 679 1963 conglobatio
704 1893 835 1943 turmam
864 1896 917 1944 aut
939 1903 1075 1944 cuneum

136 1979 218 2068 facit,
247 1980 299 2042 sed
330 1980 462 2042 familiae
492 1992 522 2043 et
548 1982 797 2064 propinquitates,
822 1994 853 2044 et
877 1982 908 2044 in
935 1984 1075 2062 proximo

135 2083 270 2164 pignora,
287 2080 367 2142 unde
382 2079 565 2142 feminarum
584 2081 718 2143 ululatus
734 2081 840 2156 audiri,
856 2082 937 2144 unde
952 2083 1075 2166 vagitus

137 2180 317 2244 infantium:
345 2181 375 2244 hi
402 2182 514 2263 cuique
541 2182 725 2243 sanctissimi
754 2194 858 2255 testes,
889 2181 919 2243 hi
948 2183 1075 2246 maximi

136 2282 317 2344 laudatores.
361 2282 410 2343 Ad
433 2293 555 2355 matres,
576 2281 614 2343 ad
636 2282 782 2364 conjuges
804 2281 931 2344 vulnera
951 2281 1073 2357 ferunt;

137 2403 194 2445 nec
222 2382 291 2444 illae
321 2401 490 2454 numerare,
516 2395 569 2444 aut
595 2383 716 2464 exigere
741 2383 848 2465 plagas
873 2395 1006 2465 pavent3
1031 2385 1075 2447 ci·

136 2484 253 2565 bosque
269 2495 299 2544 et
314 2482 481 2544 hortamina
496 2483 702 2565 pugnantibus
717 2495 847 2566 gestant.

179 2582 270 2646 VllI.
294 2582 462 2646 Memoriae
478 2583 621 2663 proditur,
638 2583 787 2664 quasdam
804 2585 896 2659 acies,
914 2583 1074 2647 inclinatas

143 2685 207 2768 jam
230 2696 261 2747 et
284 2685 465 2758 labantes‚a
490 2683 611 2745 feminis
636 2684 801 2759 restitutas,
817 2685 985 2746 constantia
1006 2706 1074 2765 pre·

138 2807 210 2848 cum
225 2800 255 2848 et
270 2786 390 2868 objectu
405 2797 563 2865 pectorum
586 2796 617 2846 et
638 2796 803 2846 monstrata
817 2787 957 2847 cominus
979 2787 1074 2866 capti·

137 2889 239 2960 vitate,
265 2907 359 2968 quam
382 2886 472 2966 longe
497 2886 704 2964 impatientius
734 2885 916 2947 feminarum
948 2906 1073 2948 suarum

138 2988 259 3047 nomine
282 2986 410 3047 timent:
441 2984 517 3046 adeo
540 2997 574 3047 ut
599 2985 755 3047 efficacius
782 2985 952 3068 obligentur
980 2987 1074 3049 animi

138 3086 305 3159 civitatum,
321 3084 433 3166 quibus
449 3085 526 3146 inter
541 3085 663 3147 obsides
681 3085 801 3165 puellae
817 3106 939 3167 quoque
954 3086 1074 3148 nobiles

137 3188 332 3266 imperantur.
376 3183 483 3246 Inesse
513 3186 585 3266 quin
615 3187 707 3247 etiam
736 3199 874 3247 sanetum
905 3185 1020 3267 aliquid
1043 3201 1074 3249 et

136 3286 295 3368 providum
311 3298 417 3369 putant
431 3306 438 3346 :
462 3307 520 3347 nec
535 3300 588 3349 aut
602 3287 729 3349 consilia
744 3308 849 3348 earum
864 3299 1071 3366 aspernantur,

137 3398 190 3449 aut
216 3407 363 3465 responsa
390 3386 558 3468 negligunt.
603 3385 745 3449 Vidimus
774 3388 831 3448 sub
860 3387 930 3448 divo
955 3385 1072 3466 Vespa-

137 3488 221 3550 siano
250 3485 399 3547 Veledam
428 3485 481 3547 diu
510 3485 590 3564 apud
626 3485 789 3568 plerosque
826 3487 959 3547 numinis
1002 3485 1072 3546 loco

136 3587 280 3649 habitem.
325 3583 388 3646 Sed
412 3597 442 3645 et
466 3584 538 3645 olim
562 3585 719 3646 Auriniam
745 3598 775 3647 et
798 3585 971 3665 complures
997 3584 1073 3647 alias

135 3688 269 3751 venerati
292 3697 363 3747 sunt
385 3706 445 3746 non
475 3684 656 3762 adulatione,
680 3706 738 3747 nec
766 3697 911 3769 tauquam
937 3684 1073 3748 facerent

134 3786 217 3850 deas.
